3258 4724
624 327 841 388 ..29,

197 523 328 600 terram,
344 518 388 584 'in
417 538 478 601 qua
500 519 592 586 Nilus
619 520 733 599 oritur,
762 539 854 602 supra
884 539 951 586 eom
982 539 1060 602 esse,
1090 539 1144 602 per
1171 536 1263 603 quarn

196 630 306 711 postea
328 625 419 706 fluit,
451 626 505 709 per
534 645 566 692 se
597 628 695 710 patet.
734 627 772 694 cI.
792 627 907 692 similes
929 628 1012 692 locos
1041 627 1263 710 praecedentes,

266 735 295 798 X
331 735 387 812 12,
423 737 443 801 9
475 731 624 823 ἐπετράφη
656 734 689 798 δὲ
719 737 770 798 καί
800 731 919 818 ίίστερον
951 746 1004 822 τῆς
1032 731 1153 822 Δημοῦς
1184 739 1265 818 παρὰ

197 839 346 926 Ἑβραίοις
373 849 444 916 τοῖς
466 838 552 928 ὑπὲρ
581 851 645 930 της
672 839 915 928 Παλαιστίνης
943 839 1014 929 γυνν)
1044 842 1264 929 χρησμολόγος,

197 947 292 1035 ὄνομα
315 948 349 1011 δὲ
371 944 446 1034 αὐτ-ρ
470 945 582 1037 Σάββη.
617 948 821 1035 Hebraeos⁵⁴l
845 948 1010 1017 Pausanias
1032 949 1189 1034 intellegit
1212 950 1265 1014 Iu-

197 1057 345 1121 daeorum
367 1055 484 1121 terram
508 1055 936 1141 montibuseompletamu),
961 1075 1052 1139 quac,
1076 1055 1135 1122 etsi
1157 1056 1188 1120 iu
1212 1075 1288 1121 ora-

198 1162 367 1228 marituma
394 1161 508 1246 Ioppon
536 1162 644 1228 urbam
673 1163 732 1248 (IV
756 1163 808 1240 35,
826 1163 861 1248 9)
889 1163 1119 1247 complectitur,
1150 1182 1266 1248 magna

199 1290 235 1336 cr
259 1271 345 1351 parto
367 1268 532 1335 secundum
557 1269 719 1338 Iordanem
742 1269 872 1334 fluuium
895 1289 948 1352 per
970 1270 1193 1336 mediterranea
1214 1289 1265 1336 ex·

198 1375 337 1442 tenditur
359 1374 402 1462 (V
427 1378 457 1456 7,
474 1377 495 1442 4
511 1395 555 1460 sq.
578 1374 657 1440 VIII
675 1373 734 1456 16,
752 1376 798 1462 5).
837 1377 891 1442 hos
914 1377 1011 1461 igliur
1033 1377 1171 1442 homines
1194 1373 1265 1460 ὑπὲρ

198 1493 254 1570 της
269 1481 480 1570 Παλαιστίνης,
503 1482 536 1548 id
559 1484 605 1548 est
627 1478 728 1566 ‘supra
744 1479 971 1563 Palaestinam,
995 1479 1134 1549 habitare
1157 1483 1265 1549 tradit.

198 1611 273 1658 narn
301 1591 459 1658 Herodoto
489 1593 505 1656 Ι
538 1594 600 1659 105
633 1611 703 1658 eum
730 1593 883 1660 Pausania
910 1593 926 1659 I
959 1596 1010 1672 14,
1040 1595 1073 1674 7,
1103 1593 1156 1675 qui
1182 1593 1266 1662 locus

205 1719 241 1766 ex
257 1699 416 1766 Herodoto
432 1699 581 1784 ίίιιιιίίίί),
604 1700 719 1766 collato
743 1695 941 1766 manifestum
959 1703 1006 1774 est
1022 1720 1056 1768 eo
1072 1701 1150 1780 Ioco,
1175 1720 1266 1783 quem

200 1826 282 1873 nunc
298 1809 480 1886 mactamus,
504 1811 555 1894 αἠν
571 1803 770 1896 Παλαιστίνην
785 1808 911 1874 eandem
929 1826 994 1874 esse
1010 1827 1046 1875 ac
1061 1811 1113 1894 τίγν
1129 1807 1266 1872 Παλαισ-

200 1919 278 2002 τίνην
294 1909 411 2000 Συρίαν,
429 1933 506 1997 quae
522 1915 606 1980 terra
628 1914 685 1980 sub
700 1915 914 1988 Hebraeorum
929 1910 1087 1981 montibus
1102 1935 1157 1999 per
1173 1915 1267 1982 maris

200 2021 359 2089 Phoenicii
371 2040 458 2087 oram
467 2021 538 2088 inda
550 2022 781 2088 aPhoenicibus
793 2023 831 2088 ad
844 2022 1015 2109 Aegyptios
1027 2023 1155 2108 (Herod.
1169 2024 1266 2105 11153

201 2127 283 2195 Plio.
306 2147 336 2194 n.
359 2128 391 2194 h.
414 2135 440 2196 V
465 2131 505 2194 12
530 2131 603 2213 [13;
630 2132 700 2213 14])
728 2129 903 2195 extenditur
930 2137 1022 2214 atque
1049 2130 1149 2213 ipsam
1172 2130 1266 2196 etiam

205 2254 286 2302 oram
302 2235 499 2300 PhoenicIam
516 2235 748 2319 comprehendit
763 2235 892 2320 (Herod.
908 2237 968 2302 VII
985 2236 1058 2323 89)3
1075 2237 1113 2303 cf.
1127 2237 1266 2319 Kiepert.

205 2340 229 2405 I.
245 2360 269 2407 c.
284 2363 313 2427 p.
332 2345 392 2409 171
404 2341 456 2430 ⁶²).
491 2343 636 2409 similiter
659 2343 739 2428 opud
758 2341 939 2410 Strabonem
965 2342 1054 2426 (XVI
1078 2347 1109 2422 2,
1126 2342 1190 2427 21),
1215 2343 1267 2426 qui

207 2451 302 2514 totam
332 2449 371 2516 ab
399 2447 547 2516 Orthosia
575 2449 613 2514 ed
642 2449 800 2516 Pelusium
831 2469 925 2533 usque
956 2469 1043 2515 oram
1071 2449 1267 2515 Phoenicium

204 2555 288 2635 dicit,
304 2554 436 2640 legitur:
453 2553 473 2643 ι)
490 2552 610 2640 δ’ίυπὲρ
626 2559 757 2644 ταότης
775 2558 830 2643 (sc.
847 2555 1003 2645 Φοινίκης)
1020 2561 1165 2643 μεσόγαια
1181 2561 1268 2642 μέχρι

202 2659 340 2747 Ἀράβων
368 2659 388 2749 ἡ
417 2663 527 2748 μεταξὺ
556 2659 654 2751 Γάζης
684 2667 734 2727 καί
761 2660 962 2748 Ἀντιλιβόινου
989 2661 1118 2727 Ἰουδαία
1144 2664 1268 2745 λέγεται.

270 2769 285 2834 Ι
310 2775 340 2850 5,
365 2773 384 2834 5
419 2765 574 2854 Ἑβραίους
601 2769 633 2832 δὲ
661 2771 729 2840 τοὺς
756 2767 840 2854 ὑπὲρ
864 2767 1186 2856 Σόρων-ἐχειρώσατο
1213 2772 1268 2854 (sc.

203 2871 372 2960 Ἀδριανὸς)
404 2874 598 2949 ἀποστάντας.
646 2875 795 2943 vocabulo
827 2875 913 2961 Σόρυι
945 2896 973 2955 a
996 2877 1145 2959 scriptore
1176 2876 1269 2962 Syros

201 2983 445 3049 Palaestinenses
468 2983 518 3050 rel
536 2983 719 3051 Philistaeos
743 2983 909 3069 significari
932 2984 1045 3066 probat
1069 2985 1152 3050 loeus
1174 2986 1268 3068 prior.

197 3143 201 3150 ,
270 3089 302 3155 X
325 3092 412 3170 36,1
445 3088 579 3154 Γαλάται
606 3091 638 3154 δὲ
661 3087 688 3154 οἱ
710 3087 795 3174 ὑπὲρ
819 3089 993 3176 Φρυγίας,
1017 3091 1038 3156 i.
1063 3111 1089 3157 e.
1113 3089 1269 3176 Phrygiae

201 3197 392 3284 maloris⁶⁸h
437 3202 604 3265 montuosa
624 3198 708 3266 etad
724 3202 827 3265 ortum
843 3218 949 3266 versus
965 3218 983 3265 a
998 3199 1138 3284 Phrnga
1154 3199 1268 3264 maiore

275 3357 310 3428 ⁶⁴)
328 3356 462 3432 Ἑβραίων
480 3357 501 3431 ἡ
520 3365 556 3430 γῆ
575 3358 612 3414 lv
625 3359 669 3426 35,
682 3361 699 3414 9
712 3359 736 3412 V
749 3362 775 3426 7,
788 3360 806 3414 4
818 3359 889 3416 VIII
904 3360 944 3429 16,
958 3360 989 3431 4;
1008 3359 1029 3434 ἡ
1048 3357 1179 3433 Ἐβραίων
1193 3358 1269 3430 χώρα

201 3448 244 3505 VI
257 3447 338 3515 21,8.
963 3493 965 3500 .

276 3535 370 3606 ιδ).(11.
383 3537 499 3608 Kiepert.
518 3537 537 3591 l.
550 3553 572 3592 c.
585 3554 611 3606 p.
625 3537 690 3607 1723
706 3537 764 3593 174.

275 3625 309 3695 ⁶⁶)
328 3625 369 3682 CI.
382 3625 411 3681 C.
425 3625 570 3682 Werniolrii
585 3625 638 3682 *De
651 3627 764 3682 Psoron.
777 3627 881 3696 Perieg.
893 3626 990 3682 studiis
1003 3625 1168 3684 Herodoteis’
1187 3646 1212 3698 p.
1225 3628 1269 3684 42.

275 3715 310 3784 17)
329 3715 425 3786 Itaque
447 3714 521 3770 haud
543 3719 614 3770 reete
637 3713 783 3771 Gurlittius
802 3700 886 3771 ‘liber
903 3715 992 3786 Paos?
1011 3734 1037 3787 p.
1050 3716 1084 3772 62
1107 3717 1268 3787 periegetnm

203 3803 343 3860 contendIt
361 3803 518 3860 Iudaeorum
536 3807 635 3860 terram
653 3802 749 3876 Συρίην
768 3802 947 3877 Παλαιστίνην
969 3806 1108 3877 appellare.

275 3893 310 3962 ⁶⁸)
328 3893 398 3949 Num
423 3893 457 3949 cI.
482 3892 560 3962 115,
582 3895 598 3949 3
621 3891 770 3964 Μαίανδρον
793 3897 843 3967 γὰρ
867 3888 986 3948 κατιόντα
1010 3895 1039 3948 ἐκ
1063 3893 1200 3948 Κελαινῶν
1226 3893 1269 3950 διὰ

202 3981 351 4056 Φρυγίας
370 3983 412 4038 aot
431 3981 541 4055 Καρίας.
567 3984 688 4055 Phrygia
712 3985 798 4040 minor
819 3985 1064 4058 propri0129‚ld
1088 3985 1267 4054 significatur:

202 4081 252 4150 τῆς
272 4071 313 4150 ἐρ’
333 4069 524 4150 Ἑλλησπόντῳ
544 4072 671 4148 Φρυγίας.
761 4079 762 4084 ’
853 4077 854 4082 ’
