3258 4724
786 228 1006 288 -60-

365 422 469 506 paullo
491 421 628 505 superior
650 424 718 486 aret
742 421 862 486 Achille
886 420 1007 486 sedente
1030 419 1070 485 ad
1086 419 1221 484 eundem
1240 417 1391 490 modum,
1417 413 1458 482 ad

366 547 457 612 quem
475 528 504 592 X
520 529 573 605 25,
589 529 611 593 4
626 524 762 614 Διομήδη
781 523 866 610 ὑπὲρ
882 523 992 612 αὐτῆς
1007 522 1184 611 (Briseruis)
1202 523 1307 590 fonsa
1325 521 1458 588 dieitur.

366 634 404 702 ci.
427 654 457 718 p.
474 637 517 699 42
541 637 572 701 at
594 633 691 700 Geth.
715 634 737 700 l.
762 653 787 699 c.
813 653 842 715 p.
861 637 917 710 29;
943 635 973 700 8.

431 741 637 824 Χ30,48η.
664 745 822 824 γέγραπται
852 740 884 804 δὲ
913 736 1004 823 ὑπὲρ
1034 737 1174 811 αὐτοὺς
1206 736 1457 823 (Antilochum,

365 851 641 931 Agamemnonem,
665 848 879 928 Protesilaum,
911 846 1076 924 Achillem,
1107 845 1311 930 Patroclum)
1337 842 1458 914 Φῶκός

366 979 397 1020 τε
413 993 456 1004 --
471 958 523 1019 καὶ
538 951 651 1026 Ἰαοείις
666 993 720 1018 -.
745 950 829 1040 ὑπὲρ
849 955 995 1025 τοίντοος
1018 953 1134 1038 (τοίντοο
1150 953 1208 1038 La)
1234 949 1354 1035 Μαιρὰ
1377 948 1457 1015 ἐστιν

366 1061 413 1127 ἐντί
441 1066 532 1147 πέτρα
565 1065 754 1150 καθεζομένη
779 1101 831 1125 -.
861 1059 969 1149 ἐφεξῆς
998 1059 1031 1124 δὲ
1060 1069 1115 1144 τῆς
1143 1057 1270 1142 Μαιρᾶς
1294 1055 1456 1123 Ἀκταίαν

366 1167 442 1234 ἐστίν
467 1207 506 1216 -
531 1171 583 1233 καὶ
605 1167 625 1256 ἡ
649 1178 699 1234 τοο
719 1167 902 1239 Ἀκταίωνος
924 1173 1022 1255 μήτηρ
1046 1203 1087 1214 -
1111 1163 1158 1230 'eui
1181 1165 1309 1251 δέρματι
1334 1161 1456 1251 ἐλάφου

366 1279 570 1362 καθεζόμενοι
599 1278 755 1362 periegeta
777 1276 954 1354 Antilocho,
982 1276 1222 1360 Agamemnone,
1252 1271 1453 1350 Protesilao,

368 1385 503 1465 Achille,
527 1384 671 1450 Patroclo
694 1384 825 1451 recensis
840 1384 872 1450 iu
887 1384 1057 1468 superiores
1071 1381 1197 1448 tabulae
1212 1382 1325 1463 partoe
1342 1379 1455 1446 oculos

367 1492 577 1569 convortit30t
587 1492 721 1575 primum
732 1491 856 1576 quidem
866 1509 958 1577 supra
966 1491 1039 1557 illos
1047 1491 1186 1556 Phocum
1198 1488 1373 1555 etlaseum
1382 1486 1452 1574 ¹²⁸),

367 1599 476 1666 deinde
490 1619 583 1682 supra
600 1599 656 1666 hos
668 1599 819 1677 Moeram,
833 1599 1020 1664 Actaeonem
1035 1598 1159 1679 eiusque
1170 1597 1306 1662 matrem
1322 1593 1452 1678 compi-

369 1708 421 1773 cit.
445 1726 518 1772 nam
541 1707 572 1772 in
588 1707 745 1772 inferiores
761 1709 863 1788 partes
885 1706 904 1788 ἐ
921 1707 940 1771 6
965 1704 1047 1771 redit
1063 1702 1274 1790 (ἀποβλέψαντι
1301 1702 1339 1766 δὲ
1355 1698 1452 1788 αὖθις

367 1811 405 1886 ἐς
425 1817 469 1878 τὰ
489 1818 585 1877 κάτω
600 1823 653 1900 τῆς
668 1823 786 1901 ηραρης
802 1813 876 1877 ἔστιν
892 1809 1020 1900 ἐρεξης
1043 1815 1131 1897 μετὰ
1153 1814 1210 1875 τὸν
1225 1808 1450 1894 Πάτροκλον

371 1959 410 1968 -
435 1917 585 2007 Ὀρφεὺς),
608 1923 640 1984 st
662 1919 850 1986 Actaeonem
873 1919 904 1985 in
921 1918 1076 2001 superiore
1091 1919 1216 1983 tabulae
1230 1921 1324 2000 parte
1348 1919 1448 1984 uisse

367 2028 559 2111 apertissime
589 2027 664 2092 dicit
688 2027 717 2091 X
739 2030 844 2105 31,1:
876 2023 902 2090 εἰ
931 2026 964 2090 δὲ
986 2024 1102 2097 ἀπίδοις
1130 2026 1216 2114 πάλιν
1246 2021 1283 2097 ἐς
1306 2028 1349 2090 τὸ
1374 2024 1447 2089 ἄνω

368 2145 422 2222 της
450 2145 567 2222 γραφῆς
597 2133 670 2198 ἔστιν
700 2132 831 2221 ἐφεξῆς
860 2145 904 2219 τῷ
934 2131 1123 2198 Ἀκταίωνι
1152 2131 1237 2204 Αἴας.
1268 2133 1307 2199 of.
1340 2131 1444 2199 Gooh.

368 2243 391 2308 l.
415 2241 436 2305 1.
461 2262 492 2324 p.
510 2243 552 2308 29

435 2349 469 2416 X
492 2352 544 2426 31,
563 2352 582 2416 8
599 2369 644 2433 sq.
668 2347 754 2436 ὑπὲρ
777 2351 809 2414 δὲ
825 2353 881 2414 τὸν
896 2347 1110 2435 Σαρπηδόνα
1132 2371 1163 2412 τε
1186 2352 1237 2412 καὶ
1253 2346 1444 2434 Μέμνονα,

369 2455 444 2522 ’ἐστιν
458 2453 544 2540 ὑπὲρ
561 2453 689 2529 αότοὺς
705 2455 800 2541 Πάρις
816 2495 868 2524 -.
893 2456 953 2520 ἔστι
969 2457 1001 2520 δὲ
1016 2453 1102 2542 καὶὴ
1119 2454 1316 2520 Πενθεσίλεια
1339 2454 1446 2542 ὁρῶσα

370 2560 402 2635 ἐς
424 2567 472 2629 τὸν
496 2563 589 2650 Πάριν
613 2602 664 2626 -.
695 2560 725 2626 αἱ
755 2563 787 2626 δὲ
817 2560 901 2646 ὑπὲρ
925 2567 985 2650 τὴν
1009 2561 1267 2628 Πενθεσίλειαν
1298 2568 1445 2651 ρίροοοαι

369 2674 422 2756 μέν
445 2667 513 2734 τίσιν
535 2667 625 2755 ὕδωρ.
649 2670 775 2749 Hector,
799 2669 963 2753 Sarpedon,
988 2669 1133 2736 Memnon
1156 2669 1297 2735 infimam
1312 2670 1443 2736 tabrrlae

370 2778 482 2843 lineam
500 2777 704 2862 occupabaut3
730 2778 768 2843 ab
784 2779 833 2844 his
848 2779 1026 2857 Pausanias,
1051 2797 1111 2860 qua
1134 2777 1234 2844 utitur
1248 2777 1443 2846 describendi

370 2886 498 2964 ratione,
512 2885 615 2952 oculos
626 2886 725 2952 denuo
738 2887 776 2954 ad
788 2886 956 2970 superiores
971 2885 1089 2972 figuras
1100 2885 1225 2971 clangit:
1243 2886 1282 2952 ad
1294 2884 1441 2952 Paridem

371 2994 402 3060 et
416 2992 653 3072 Penthesileam,
679 2994 730 3078 qui
745 2995 851 3078 paullo
866 2993 1010 3061 altiorem
1026 2993 1198 3078 Sarpedone
1214 2993 1442 3078 Memnoneque

371 3098 473 3165 locum
484 3099 631 3165 tenebant
642 3137 685 3148 -
697 3101 796 3168 eidem
808 3102 890 3168 enim
902 3102 1121 3188 symplegmaii
1133 3100 1289 3167 tribuendi
1299 3105 1371 3168 sunt
1387 3139 1440 3180 -,

372 3206 480 3273 deinde
496 3205 535 3271 ad
547 3205 687 3287 feminas,
704 3227 782 3291 quae
794 3229 888 3292 supra
898 3209 1124 3275 Penthesileam
1137 3227 1248 3292 aquam
1261 3207 1438 3291 portabant.

446 3439 491 3509 ¹⁹⁸)
510 3441 647 3511 ituegorns
666 3440 684 3494 l.
702 3441 721 3494 l.
740 3459 765 3510 p.
780 3443 813 3496 53
832 3441 867 3497 ad
885 3442 909 3496 X
928 3443 1002 3507 30,4
1021 3445 1049 3497 et
1067 3441 1091 3496 X
1111 3441 1184 3506 29,8
1207 3439 1244 3512 (ι.
1258 3441 1349 3512 supra)
1373 3441 1439 3498 haec

372 3530 497 3586 adnotat:
522 3528 582 3584 ‘Die
601 3529 706 3586 Nomen
730 3528 776 3585 der
794 3530 910 3600 [ligures
930 3531 979 3586 aui
991 3529 1049 3602 *den
1068 3529 1212 3586 Gemilden
1236 3529 1350 3588 standan
1372 3531 1438 3590 iiber

373 3619 424 3676 (lon
437 3619 618 3676 botreffenden
631 3619 757 3690 Piguren.
776 3619 825 3674 Bei
837 3619 923 3675 dieser
935 3621 1151 3690 katalogartigen
1162 3619 1350 3690 Bostimmung
1363 3621 1438 3676 steht

373 3709 502 3765 ebenfalls
521 3709 596 3781 ὑπὲρ,
615 3726 643 3764 so
662 3725 683 3766 z.
697 3705 728 3762 B.
748 3709 772 3762 X
791 3709 864 3774 30,4
883 3708 1026 3781 γέγραπται
1046 3707 1072 3761 δὲ
1091 3708 1154 3782 ὑπὲρ
1174 3707 1282 3774 αὐτούς,
1302 3711 1327 3764 Χ
1345 3709 1388 3775 29,
1401 3709 1437 3764 8³.

373 3799 419 3853 hic
436 3799 594 3854 manifestus
612 3801 654 3854 est
671 3812 755 3864 error3
774 3813 857 3868 noque
875 3798 945 3852 euim
963 3799 996 3855 do
1008 3798 1160 3856 nominibus
1172 3800 1328 3870 figurarum,
1348 3799 1438 3856 sedda

374 3889 468 3957 figuris
481 3888 548 3958 ipsis
561 3888 671 3944 dieitur:
690 3888 831 3960 ηίγρακιαι
844 3889 873 3942 ot
885 3885 997 3958 ἔγραψεν
1009 3890 1051 3945 his
1063 3888 1129 3944 loeis
1140 3905 1194 3944 non
1210 3890 1301 3946 valent
1313 3888 1436 3959 escriptus

374 3975 423 4034 est’
444 3981 471 4032 et
490 3976 626 4048 ‘scripsit’‚
646 3977 693 4033 sed
712 3975 809 4048 ‘pictus
827 3974 875 4033 est'
895 3981 922 4030 ot
941 3975 1055 4047 ‘pinxit’.
