3258 4724
689 323 888 384 -5..

255 516 392 582 omnium
417 515 513 580 oculis
535 516 665 582 subiecti
689 519 788 594 erunt,
818 517 1033 600 interpretatio
1056 512 1128 601 ὑπὲρ
1152 518 1320 600 particulae

254 624 286 687 in
310 622 401 688 dubio
425 621 610 699 versabitur3
636 641 738 706 quare,
763 642 840 706 quae
863 621 900 688 de
916 622 947 688 vi
962 623 1027 689 eius
1049 623 1142 690 locali
1158 625 1319 709 Ruegerus

255 749 313 797 non
342 730 374 795 in
404 728 540 795 medium
563 729 694 813 prolatis
717 729 777 794 nisi
799 730 904 813 paucis
928 730 1074 813 exemplis
1097 731 1253 813 exposuit,
1285 750 1320 796 ca

254 857 303 903 me
325 837 425 904 iudice
453 855 563 921 pamm
591 836 698 902 idonea
728 839 814 916 sunt,
846 836 956 920 quibus
987 857 1060 903 usus
1089 837 1209 904 dicendi
1238 839 1319 904 clere

253 947 410 1030 appareat,
440 944 621 1029 praesertim
651 963 721 1010 cum
753 945 820 1028 ipse
851 945 991 1029 exempla
1020 965 1079 1012 non
1110 965 1145 1011 ea
1175 964 1236 1028 qua
1262 963 1318 1029 par

253 1056 320 1119 erat
353 1052 572 1139 perspicuitate
605 1052 636 1117 in
671 1051 810 1118 ordinem
845 1053 969 1120 redacta
1004 1052 1075 1120 sint.
1122 1053 1228 1135 itaque
1260 1073 1318 1139 ego

252 1161 461 1243 quaestionem
491 1160 549 1226 hoc
578 1157 670 1227 modo
693 1157 830 1225 institui:
860 1160 996 1243 primum
1027 1177 1130 1226 omnes
1159 1160 1254 1242 locos,
1268 1213 1270 1216 .
1286 1160 1318 1226 in

252 1267 361 1350 quibus
382 1263 454 1350 ὑπὲρ
469 1265 608 1334 localiter
630 1267 813 1350 usurpatum
835 1266 998 1350 reperitur,
1022 1266 1134 1352 collegi
1157 1267 1318 1336 collectos·

252 1393 311 1457 que
333 1375 498 1440 secundum
522 1373 659 1462 singulas
682 1375 852 1458 particulae
883 1373 1122 1458 significationes
1151 1375 1183 1440 in
1206 1376 1318 1443 classes

252 1481 357 1560 divisi;
382 1481 499 1562 deinde,
527 1484 690 1566 postquam
714 1481 745 1548 in
771 1481 870 1548 fronte
893 1482 1130 1572 uniuscuiusque
1153 1483 1258 1549 classis
1282 1503 1318 1550 ea

251 1590 354 1669 verbe,
368 1590 549 1672 quibuscum
560 1589 746 1673 praepositio
758 1589 920 1656 coniuncta
931 1592 987 1668 est,
1004 1590 1161 1672 collocavi,
1178 1590 1316 1675 singulos

251 1699 334 1764 locos
362 1697 549 1781 perlustravi
578 1697 642 1777 ita,
672 1699 709 1762 ut
738 1715 757 1762 a
785 1697 963 1763 certissimis
992 1697 1139 1782 exemplis
1160 1699 1316 1782 profectus

252 1804 366 1870 similia
389 1824 460 1871 cum
484 1804 527 1870 eis
550 1823 779 1888 componerem,
810 1804 1001 1888 argumentis
1029 1809 1060 1871 et
1087 1825 1122 1870 en
1146 1806 1315 1873 Pausaniae

250 1911 345 1996 ipsius
375 1911 477 1978 verbis
504 1913 535 1977 et
562 1931 597 1977 en
623 1912 764 1978 locorum
795 1929 874 1994 quae
901 1911 1115 1978 describuntur
1145 1916 1257 1979 natura
1284 1917 1315 1980 et

251 2039 286 2085 en
311 2019 364 2100 eis,
389 2037 467 2104 quae
482 2019 554 2105 pala
571 2018 843 2103 archaeologorum
866 2019 897 2084 in
921 2020 1022 2085 lucem
1041 2021 1204 2104 prompsit,
1229 2041 1315 2106 repe-

248 2127 315 2192 titis
330 2129 422 2210 atque
437 2127 607 2194 Pausaniae
623 2126 742 2193 ratione
757 2127 877 2193 dicendi
894 2147 964 2193 cum
981 2129 1113 2194 aliorum
1130 2129 1315 2214 scriptorum

249 2237 427 2318 comparata
450 2236 482 2300 et
504 2233 608 2314 libris,
641 2234 693 2318 qui
723 2234 762 2299 ad
792 2235 1032 2320 geographiam,
1063 2237 1312 2321 topographiam,

158 2390 161 2397 .
248 2340 392 2425 antiquae
420 2342 497 2410 artis
526 2341 689 2408 historiam
719 2344 868 2425 spectant,
899 2343 930 2408 in
955 2342 1104 2409 auxilium
1126 2345 1244 2410 voeatis
1271 2347 1313 2424 et,

248 2449 301 2516 ubi
324 2449 386 2516 alia
408 2449 484 2516 satis
506 2449 615 2515 idonea
638 2452 820 2535 argumenta
844 2449 979 2530 deerant,
1010 2450 1255 2518 conclusionibus
1278 2471 1313 2518 ex

248 2557 393 2644 analogia
415 2557 514 2624 lactis.

606 2821 735 2927 Oaput
761 2822 953 2927 primum.

432 3013 483 3078 De
506 3008 590 3096 ὑπὲρ
614 3031 694 3077 oum
717 3010 891 3096 genetivo
914 3011 1120 3078 coniuncto.

311 3194 336 3260 l.
361 3189 447 3276 Ὑπὲρ
477 3210 546 3257 cum
580 3191 722 3276 genetivo
753 3192 922 3273 usurpatur
951 3189 988 3255 de
1020 3193 1136 3274 motu,
1169 3191 1222 3272 qui
1252 3191 1313 3258 loci

358 3300 451 3365 finem
485 3297 725 3383 transgreditur.
776 3297 858 3362 unde
892 3297 1116 3383 significatione
1150 3299 1312 3383 respondet

358 3406 515 3474 vocabulis
530 3408 652 3472 nostrae
667 3405 791 3489 liuguae
807 3401 910 3471 ‘uber
925 3442 968 3453 -
984 3402 1086 3490 ueg’;
1111 3425 1165 3488 pro
1182 3406 1313 3495 quibus,³

359 3514 386 3582 si
398 3517 501 3580 motus
512 3533 633 3581 sursum
647 3513 693 3593 fit,
713 3509 1025 3579 ‘uber-hervor’
1037 3513 1101 3579 sive
1113 3510 1161 3560 ‘-
1176 3533 1299 3597 emper

309 3703 312 3712 Ι
357 3623 543 3688 substituere
566 3620 709 3687 solemus.
743 3621 846 3700 verba,
870 3639 948 3703 quae
972 3621 1010 3686 ad
1033 3621 1218 3704 particulam
1241 3643 1311 3705 per-

356 3729 468 3807 tinent,
493 3729 650 3795 notionem
674 3728 790 3793 habent
813 3728 999 3807 movendi,
1023 3747 1071 3794 res
1087 3730 1192 3793 anum
1215 3730 1309 3813 ipsae,

357 3835 527 3919 dequibus
551 3835 703 3914 dicuntur,
727 3834 871 3900 videntur
893 3836 1019 3912 moveri,
1048 3853 1108 3900 non
1131 3841 1309 3903 moventur:

424 3945 584 4030 audimur:
608 3943 635 4008 V
655 3945 705 4024 16,
722 3945 758 4019 3;
782 3940 910 4028 ἀνέχεινι
933 3943 1051 4022 11120,
1072 3945 1092 4008 3
1116 3943 1196 4009 VllI
1221 3947 1310 4022 11,4

355 4051 491 4131 X26,2
515 4049 567 4134 (cf.
592 4069 623 4136 p.
649 4051 668 4116 6
693 4049 767 4135 sq.);
792 4047 936 4138 ἀνὶσχεινε
961 4050 1108 4130 X12,1.
