3258 4724
654 324 874 384 ...57..

228 519 308 594 erat,
339 533 398 581 non
425 513 510 581 ultra
533 515 633 598 viam;
665 536 743 599 quac
766 518 890 602 quidem
914 517 1051 585 definitio
1078 519 1167 602 plane
1192 537 1294 602 snper·

227 641 359 688 vacanea
381 615 460 689 esset
474 625 661 709 praegressis
677 625 779 690 verbis
794 624 992 713 ἀποτραπήσῃ
1016 649 1045 690 τε
1062 625 1121 690 ἀπὸ
1137 625 1297 716 θαλάσσης

226 727 259 800 ἐς
274 729 380 802 δεξιάν.
404 729 443 796 cf.
461 727 547 797 Ourt.
563 731 586 797 l.
604 751 632 795 c.
648 729 667 794 I
681 751 712 814 p.
729 733 810 808 4673
834 734 910 812 449,
934 734 1026 797 Burs.
1043 732 1065 797 l.
1082 751 1114 800 c:
1126 733 1157 797 ll
1174 753 1203 815 p.
1220 733 1296 800 335.

293 832 470 917 V1123·‚4
497 833 594 918 ὀλίγον
622 835 655 900 δὲ
681 833 766 921 ὑπὲρ
794 841 854 925 τὴν
881 837 1067 926 λεωφόρον
1095 835 1210 903 Ῥυπῶν
1238 837 1297 902 ἐστὶ

226 943 263 1006 τὰ
278 940 398 1028 §palma
418 943 565 1029 Rhypum
581 943 713 1028 vestigia
728 943 903 1028 paullulum
920 947 1110 1029 superviam
1127 945 1296 1012 militarem

227 1051 405 1116 etiamnunc
432 1051 529 1117 oculis
558 1071 590 1117 se
622 1049 762 1120 offerunt.
791 1051 830 1118 cf.
856 1051 941 1119 Ourt.
971 1053 993 1118 l.
1017 1074 1042 1121 c.
1067 1051 1086 1118 I
1108 1073 1137 1136 p.
1154 1055 1220 1120 458
1236 1073 1293 1136 sq..

227 1157 317 1223 Burs.
341 1157 363 1222 l.
387 1178 412 1226 c.
437 1156 468 1223 ll
491 1177 521 1241 p.
537 1160 613 1225 330.

294 1265 342 1330 111
366 1269 452 1346 21,1
480 1263 496 1329 ὁ
524 1270 617 1353 τάφος
640 1265 770 1355 (Ladae)
798 1261 872 1331 ἐστὶν
900 1263 984 1350 ὖπάρ
1012 1271 1073 1354 τῆν
1101 1267 1294 1358 λεωφόρον.

226 1371 329 1438 Ladae
351 1373 525 1456 sepulcrum
541 1371 599 1438 etsi
614 1373 769 1439 Pausania
785 1376 909 1440 auctore
924 1375 968 1439 ibi
992 1377 1067 1453 erat,
1089 1371 1145 1440 ubi
1162 1375 1295 1442 Eurotae

226 1478 330 1544 alveus
350 1479 489 1564 *proxime
512 1479 551 1544 ad
575 1481 658 1545 viam
682 1481 847 1547 militarem
862 1481 1026 1547 accedebat
1034 1479 1099 1565 121),
1124 1481 1174 1548 vix
1190 1485 1294 1548 tamen

224 1586 257 1650 in
273 1585 340 1664 hac,
363 1583 383 1652 i.
402 1605 427 1653 e.
446 1583 552 1652 dextra
568 1589 656 1672 parte
672 1587 749 1666 νὶοο,
767 1586 973 1672 quaerendum
990 1589 1046 1666 est,
1070 1587 1123 1654 aed
1145 1589 1177 1653 in
1194 1587 1295 1654 altera

225 1689 417 1776 etquidem,
448 1709 519 1759 curn
542 1693 593 1760 hio
615 1693 767 1760 montium
798 1693 916 1762 radices
940 1714 971 1760 sc
985 1694 1170 1780 porrigant,
1201 1713 1294 1780 supra

225 1800 318 1867 vlam.
348 1801 387 1865 cf.
413 1799 499 1867 Gurt.
524 1801 546 1867 l.
571 1821 597 1866 c.
621 1801 653 1868 11
676 1821 708 1884 p.
729 1805 793 1868 253
814 1822 869 1887 sq..
894 1803 985 1868 Burs.
1010 1801 1032 1867 l.
1056 1821 1081 1869 c.
1107 1803 1139 1867 ll
1162 1824 1192 1886 p.
1218 1803 1292 1882 115,

224 1905 392 1973 Baodelreri
414 1903 678 1974 ὉνίιολοοΙπνιΙἰ
702 1905 731 1993 p.
749 1911 824 1976 292.
1024 1905 1027 1912 ’

292 2013 324 2078 ll
349 2017 438 2092 lan
462 2011 539 2078 ἔστιν
564 2012 660 2096 ὀλίγον
684 2013 768 2101 ὑπὲρ
789 2019 851 2103 τῆν
875 2013 957 2082 ὁδὸν
979 2015 1009 2082 ἐν
1033 2015 1169 2102 ἀριστερᾷ
1186 2015 1293 2082 Ποσει·
1387 2043 1391 2051 ·

226 2119 319 2194 tucca
342 2118 426 2206 ἱερόν,
444 2123 464 2186 i.
482 2142 508 2187 e.
526 2141 617 2206 supra
633 2123 732 2201 viam;
756 2139 828 2189 nam
850 2123 934 2189 notio
950 2121 1092 2207 ffjcnseits’
1115 2125 1176 2188 iam
1193 2125 1294 2190 verbis

224 2227 254 2293 ἐν
277 2224 415 2313 ἀριστερῆ
438 2229 620 2297 continetur.
645 2231 684 2296 cf.
701 2227 788 2296 Ourt.
813 2231 835 2298 l.
860 2249 886 2298 o.
912 2229 942 2295 11
966 2253 996 2314 p.
1013 2232 1089 2309 498,
1115 2230 1205 2297 Burs.
1228 2231 1251 2296 l.
1269 2233 1291 2296 l.

226 2337 257 2401 ll
279 2355 309 2420 p.
330 2338 383 2403 30.

291 2443 377 2524 Quae
408 2461 486 2510 nune
517 2442 642 2510 afferam
673 2446 811 2530 exempla
841 2445 884 2528 (X
906 2447 959 2523 25,
977 2446 1086 2510 5—-x
1107 2446 1159 2526 31,
1182 2447 1202 2510 8
1222 2449 1291 2530 sq),

225 2555 349 2634 sumpta
373 2554 445 2616 sunt
468 2571 502 2616 ex
527 2551 729 2635 descriptione
753 2551 882 2617 duarum
901 2549 1077 2618 tabularum
1100 2551 1132 2617 iu
1155 2552 1291 2618 aedilicio

225 2652 389 2742 Delphico,
420 2677 497 2742 quae
528 2659 643 2725 Lesche
673 2659 859 2739 vocabatur,
890 2679 909 2725 a
936 2660 1111 2746 Polygnoto
1139 2659 1291 2744 pictarum

225 2765 270 2852 (X
298 2767 350 2844 25,
370 2769 473 2833 l-c.
497 2767 534 2832 31
562 2767 665 2853 σανα).
700 2786 735 2832 ex
764 2767 822 2832 hac
855 2765 1075 2851 descriptione,
1109 2767 1291 2856 praesertim

225 2871 372 2938 secundae
384 2871 520 2952 raculae,
532 2874 623 2957 plane
639 2873 834 2958 intellegitur
845 2871 1036 2957 periegelam
1049 2875 1087 2939 ab
1098 2871 1292 2942 inferioribus

224 2979 364 3066 partibus
387 2977 564 3046 tabularum
589 2979 627 3046 ad
649 2981 819 3064 superiores
847 3001 1044 3066 progressum
1068 3001 1230 3066 rursusque
1254 2981 1292 3048 ad

222 3088 295 3154 illas
311 3105 476 3171 reversum,
501 3092 537 3157 ul
559 3085 614 3153 tuo
634 3107 704 3154 cum
720 3089 795 3167 dat„
820 3085 875 3152 ὑπο
899 3109 970 3155 cunr
986 3109 1047 3156 acc.
1064 3089 1292 3174 locutionesque

223 3201 387 3282 κατωτέρω,
411 3195 609 3286 ἀποβλέψαντι
632 3197 664 3260 δὲ
687 3195 776 3268 αὖθις
798 3195 831 3270 ἐς
845 3201 882 3262 τὰ
896 3202 977 3261 νιάπω
994 3208 1047 3285 τῆς
1070 3209 1197 3286 γραφῆς,
1213 3195 1243 3262 ἐν
1260 3197 1291 3261 δὲ

223 3313 286 3376 τοῖς
307 3309 389 3368 utcu
408 3315 465 3392 ,τῆς
487 3313 607 3394 γραφῆς
629 3305 734 3370 eadem
758 3305 882 3372 notione
898 3305 1033 3383 adhibet,
1057 3305 1103 3370 ite
1125 3302 1196 3391 ὑπὲρ
1220 3325 1290 3371 cum

224 3429 304 3495 gen,
328 3407 400 3499 ὑπὲρ
422 3431 491 3478 cum
515 3431 577 3479 acc.
600 3411 830 3495 locutionesque
854 3411 979 3489 ἀνωθεν,
1008 3411 1116 3488 ἐπάνω,
1146 3411 1290 3498 ἀνωτέρω,

223 3505 252 3582 εἰ
272 3517 304 3581 δὲ
326 3515 441 3590 ἀπίδοις
463 3521 549 3584 πάλιν
572 3517 604 3591 ἐς
620 3523 652 3583 τὸ
669 3519 730 3583 ἀνω
745 3529 800 3606 τῆς
814 3531 932 3607 γραφῆς
947 3519 1118 3602 promiscue
1131 3537 1289 3602 usurpare.

224 3625 263 3692 cl.
291 3625 371 3712 quod
403 3625 599 3694 Gebhardtus
629 3623 696 3693 ‘Die
726 3627 941 3709 Kamposition
973 3626 1027 3693 der
1059 3625 1209 3693 Gemtlde
1239 3627 1291 3693 des

221 3733 379 3820 Polygnoc
406 3735 437 3800 in
468 3735 522 3800 der
552 3735 667 3800 Lesche
693 3727 723 3801 a.
749 3730 871 3817 Delphi’
899 3733 921 3800 l.
945 3733 967 3800 l.
993 3755 1023 3818 p.
1042 3739 1059 3799 7
1077 3753 1122 3817 sq.
1153 3734 1189 3799 de
1219 3731 1290 3821 ὑπὲρ

222 3841 448 3924 praepositione
473 3841 626 3911 disseruit.

296 4073 339 4144 1ἳῦ)
360 4073 414 4126 Τοῦ
434 4072 547 4146 Εὐρώτα
564 4075 593 4127 τὸ
613 4072 696 4146 ῥεῦμα
715 4073 846 4146 ἐγγυτάτω
866 4081 915 4145 τῆς
935 4072 995 4126 ὁδοῦ
1014 4072 1116 4145 γίνεται.

1075 4180 1126 4236 4..
