3258 4724
666 335 885 396 ,39-

241 525 624 618 ρίιαυὶνοιίιὶσἈριρίαοιια,
633 527 873 605 πόλιςΦιυνιίδος,
882 526 1054 600 Παυσανίας
1063 527 1171 610 δεκάτῳ
1181 525 1249 612 (33,
1259 527 1309 612 9);

242 635 378 720 Βέλβινα,
388 640 472 710 πόλις
482 635 655 724 Λακωνική,
669 635 840 707 Παυσανίας
850 633 946 721 ὀγδόῳ
957 634 1028 721 (35,
1038 637 1073 717 43
1085 635 1124 702 cf.
1136 635 1185 700 III
1199 636 1251 712 21,
1261 635 1310 720 3);

242 741 366 830 Δρυμία,
391 746 476 816 πόλις
499 740 650 819 Φωκίδος,
674 741 847 815 Παυσανίας
862 739 880 806 ι’
903 742 1059 828 (33,12);
1088 740 1205 816 Θεισόα,
1228 742 1312 811 πόλις

241 847 425 934 Ἀρκαδίας,
442 849 614 922 Παυσανίας
637 846 733 933 ὀγδόῳ
758 851 825 934 (27,
841 849 893 935 4);
918 847 1086 926 Μεσσαπία,
1110 852 1198 935 χώρα
1213 845 1312 912 Ἰαπυ-

241 963 307 1042 γίας
329 961 482 1045 προσεχὴς
497 955 634 1042 Τάραντι.
669 961 701 1022 τό
716 954 835 1022 άδνιαόν
851 958 1037 1030 Μεσσάπιος.
1071 956 1244 1029 Παυσανίας
1264 956 1313 1020 δε-

242 1068 324 1150 κάτῳ
349 1066 416 1148 (10,
434 1066 483 1150 6),
512 1064 691 1148 praesertim
719 1065 745 1129 si
773 1066 952 1149 cognoverit
979 1065 1169 1149 periegetam
1193 1065 1312 1130 abhoc

242 1171 459 1256 lexicographo
491 1171 611 1254 saepius
643 1189 752 1254 neque,
787 1171 868 1256 qnod
900 1171 939 1237 ad
971 1168 1171 1257 fermam⁸⁸),
1204 1189 1311 1252 neque,

243 1277 325 1362 quod
357 1277 396 1342 ad
427 1277 543 1363 rem⁸⁹)
576 1279 702 1356 attinet,
736 1277 903 1362 diligenter
935 1278 1036 1344 citari.
1070 1277 1198 1356 aceedit,
1232 1277 1313 1360 quod

243 1387 347 1452 nostro
378 1385 444 1452 leoo
480 1404 539 1450 non
575 1385 611 1450 de
645 1386 827 1468 Bithyniae,
865 1405 969 1452 verum
1004 1385 1042 1450 de
1074 1384 1215 1470 Bithynii
1250 1383 1313 1452 nitu

244 1491 359 1576 agitur.
394 1493 474 1558 unde
498 1511 682 1575 consequens
704 1496 762 1574 est,
785 1495 821 1558 ut
841 1493 901 1560 Ista
916 1493 997 1575 apud
1013 1490 1203 1576 Stephanum
1220 1492 1312 1559 verba

243 1598 328 1669 πόλις
351 1595 492 1672 Βιθυνίας
515 1619 573 1664 non
597 1619 633 1664 ex
648 1599 803 1664 Pausania
825 1600 946 1679 hausta,
971 1600 1024 1666 aad
1046 1599 1142 1682 ipsine
1159 1599 1312 1683 'Stephani

244 1707 320 1784 sint,
352 1708 404 1790 qui
435 1706 525 1772 laoila
555 1725 592 1772 ea
619 1707 760 1790 supplere
790 1710 926 1790 poterat,
958 1707 985 1774 si
1015 1706 1096 1790 apud
1124 1705 1313 1790 periegetam

244 1812 383 1897 legebat,
407 1801 494 1896 quod
510 1812 695 1898 Sylburgius
718 1814 801 1880 felini
823 1815 997 1883 oonteotura
1021 1813 1172 1880 restituit:
1202 1811 1238 1880 ἐν
1261 1815 1313 1882 Βι-

244 1923 355 1984 θυνίου
385 1931 438 2008 τῆς
467 1918 538 2006 ὑπὲρ
567 1918 600 1984 Σ.
624 1931 768 2006 ποταμοῦ.
806 1921 952 1992 nimirum
985 1921 1073 2006 quod¹
1095 1921 1126 1989 in
1146 1921 1314 1988 'codicibus

244 2028 394 2112 legimus,
427 2027 466 2094 ab
498 2028 603 2110 inepto
639 2030 771 2111 quodam
803 2028 930 2096 librario
960 2029 1058 2110 veuit,
1092 2028 1144 2111 qui
1175 2027 1313 2094 Βιθυνίου

244 2138 368 2220 propter
388 2135 548 2218 insequens
568 2146 620 2222 ορς
638 2137 670 2202 in
686 2135 828 2207 Βιθυνίας
846 2135 1032 2204 mutandum
1050 2155 1114 2202 esse
1129 2134 1313 2220 puta1·et⁹⁰).

244 2243 306 2310 iam
335 2261 406 2308 vero
435 2243 619 2328 Bithyniam
648 2263 759 2326 supra
781 2243 979 2330 Sangarium,
1008 2245 1029 2308 i.
1050 2262 1076 2308 e.
1097 2243 1162 2310 eines
1190 2242 1313 2320 vallem,

247 2349 276 2416 In
299 2348 410 2417 Salona
434 2368 542 2432 eampo
565 2348 692 2418 sublimi
720 2351 798 2416 erat.
833 2351 872 2418 ef.
894 2349 984 2433 Kiep.
1008 2350 1030 2416 l.
1052 2369 1077 2418 o.
1099 2369 1128 2432 p.
1152 2351 1209 2426 99,
1235 2349 1314 2414 aius-

245 2457 314 2524 dem
337 2453 411 2524 ‘hah
434 2453 507 2527 ont?
530 2458 594 2524 tab.
617 2457 671 2537 IV,
696 2457 832 2542 Lolliog.
853 2458 874 2524 l.
897 2477 924 2526 o.
946 2478 975 2541 p.
994 2459 1068 2536 261,
1093 2455 1210 2524 similes
1232 2456 1315 2522 locos

245 2583 337 2647 supra
364 2566 516 2631 tractatos
548 2565 560 2629 I
590 2567 641 2646 10,
664 2567 684 2630 4
712 2564 741 2628 V
766 2566 853 2646 13‚3
883 2565 944 2630 VII
969 2567 1056 2643 16,1
1086 2563 1165 2629 VIII
1188 2563 1257 2642 4,9
1285 2563 1315 2628 X

246 2675 298 2751 25,
317 2674 373 2749 103
399 2671 522 2752 32,13.

312 2779 361 2844 III
387 2781 438 2859 19,
461 2780 479 2844 7
503 2781 566 2865 πρὶν
592 2778 624 2842 δὲ
646 2776 666 2865 ἢ
691 2779 824 2866 διαβῆναι
847 2782 895 2844 τὀν
919 2775 1073 2864 Εὐρώπαν,
1099 2775 1196 2861 ὀλίγον
1223 2775 1290 2842 aee
1298 2800 1314 2862 ρ

246 2895 312 2972 τῆς
334 2883 462 2974 ὄχθης
484 2879 560 2972 ἱερὸν
584 2883 727 2953 δείκνυται
749 2883 820 2960 Διὸς
843 2883 1003 2950 Πλουσίου.
1040 2885 1078 2950 of.
1096 2885 1183 2951 Ourt.
1201 2886 1265 2952 1.σ.
1283 2886 1316 2950 II

245 3013 277 3076 p.
294 2995 369 3074 239,
393 2995 484 3060 Burs.
501 2993 524 3060 1.
540 3013 566 3059 o.
583 2995 616 3060 Il
639 3016 668 3079 p.
689 2997 762 3063 128.
859 3069 861 3076 y

322 3258 355 3331 88)
376 3261 418 3318 CI.
437 3261 535 3318 lemma
554 3259 722 3332 Ἀραιθυρέα
740 3277 799 3316 enm
818 3261 897 3319 Paua.
917 3261 946 3318 II
961 3261 1001 3326 12,
1016 3263 1041 3318 5.

323 3359 355 3428 81)
375 3356 546 3430 Ἀσπληδών,
572 3357 648 3421 πόλις
667 3357 800 3422 Φωκίδος.
827 3357 978 3422 Παυσανίας
997 3359 1080 3429 ἐνάτῳ
1100 3359 1260 3429 Stephanus.
1287 3361 1316 3414 at

248 3448 396 3504 Pandantes
409 3448 462 3518 (IX
475 3449 519 3512 38,
532 3447 561 3516 9)
575 3447 667 3504 urbem
681 3447 808 3504 Boeotiae
820 3447 898 3514 dieit;
918 3450 1035 3504 fortasse¹
1044 3449 1082 3514 id,
1100 3448 1171 3518 quod
1183 3449 1317 3518 periegeta

247 3537 344 3602 1Χ39,
361 3539 373 3594 1
396 3536 428 3594 de
446 3537 622 3594 Phoeeuaium
641 3536 783 3594 domiciliis
797 3536 918 3603 adnotat,
936 3537 1030 3594 erroris
1049 3547 1129 3594 eausa
1140 3537 1203 3594 fnit.
1222 3534 1318 3590 Καλά-

251 3643 306 3696 μαι,
324 3623 398 3688 πόλις
416 3623 630 3696 Πελοποννήσου.
650 3623 804 3688 Παυσανίας
817 3626 931 3698 τετάρτῳ
945 3627 1102 3696 Stephanus.
1122 3629 1152 3682 at
1165 3625 1235 3696 apud
1248 3626 1317 3681 Pau·

248 3715 351 3772 saniem
371 3715 421 3784 (lv
435 3716 478 3780 31,
491 3717 521 3783 3)
541 3731 593 3768 που
613 3713 695 3778 πόλις,
715 3715 761 3770 sed
779 3715 859 3788 κώμη
884 3719 932 3774 est.
957 3713 1067 3780 Μυονία,
1091 3713 1166 3780 πόλις
1185 3713 1318 3778 Φωκίδος.

247 3802 399 3866 Παυσανίας
414 3803 429 3856 ι’
444 3804 602 3874 Stephanus.
614 3803 659 3858 sed
671 3805 808 3874 periegeta
819 3805 871 3860 etsi
882 3805 960 3860 huius
973 3805 1065 3875 oppidi
1076 3805 1104 3859 in
1117 3805 1187 3860 libro
1206 3803 1319 3859 Φωκικά

248 3894 376 3966 inscripto
386 3894 422 3963 (X
429 3894 473 3959 38,
484 3891 513 3965 8)
522 3894 683 3949 mentionem
694 3893 769 3960 feeit,
781 3896 870 3952 tamen
879 3893 907 3950 id
916 3894 1021 3951 Locridi
1030 3894 1172 3952 Ouolarum
1180 3895 1318 3950 attribuit.

319 3991 352 4062 ⁹⁰)
372 3985 417 4046 Ad
439 3997 489 4063 τῆς
514 3991 726 4048 subaudiendum
752 3994 793 4047 eat
818 3990 930 4060 πόλεως,
957 3995 988 4047 ut
1013 3992 1144 4058 V123,6
1170 3993 1244 4064 γένος
1272 3995 1317 4063 μὲν

247 4077 427 4152 Ἀλεξανδρέα
446 4074 510 4134 εἶναι
529 4086 590 4153 τῆς
615 4079 677 4152 ὑπὲρ
698 4079 802 4154 Φάρου.
