3258 4724
658 285 883 348 -19..

232 480 366 564 Kyllene
396 480 443 546 ius
473 477 580 559 Meer’,
612 478 805 563 idemque³²)
836 480 868 544 et
898 480 949 545 W.
981 477 1197 565 Guruuiusu)
1227 476 1299 566 ὑπὲρ

232 587 418 672 particulam
436 586 511 652 locis
527 586 588 651 Vll
604 588 634 666 4,
654 588 670 652 l
696 586 743 651 IX
762 588 811 668 ll,
830 587 867 663 53
894 588 946 664 22,
964 588 983 651 6
1001 585 1175 670 siguificare
1190 588 1305 668 putant

235 695 368 762 altemm
392 694 493 759 locum
518 693 550 758 in
573 693 637 759 alto
661 693 848 775 superiorem
871 710 935 758 esse
958 693 1075 770 altero;
1100 711 1232 776 quorum
1255 693 1304 761 hic

236 801 356 886 quidem
380 801 478 866 nostri
502 800 649 867 sermonis
672 799 859 867 locutionem
882 797 970 866 ‘hohe
992 796 1056 866 See'
1082 803 1251 883 comparat.

301 907 390 988 Quod
405 907 599 986 coniecimus,
615 907 710 974 otiam
726 906 845 972 ratione
864 906 1074 985 confirmatur,
1097 927 1157 990 qua
1173 907 1304 991 scriptor

233 1015 295 1080 aha
317 1015 384 1081 loca
399 1014 430 1079 iu
447 1013 593 1082 Graeciae
616 1013 707 1080 litore
730 1013 791 1079 sita
814 1015 983 1080 enumerat.
1013 1033 1199 1097 quramquam
1222 1014 1303 1080 enim

232 1123 264 1188 in
280 1125 365 1188 terra
379 1121 575 1188 describenda
591 1140 681 1186 suum
697 1121 891 1206 singulorum
908 1121 1017 1187 finium
1034 1121 1171 1187 ordinem
1196 1122 1303 1190 habet:

234 1229 350 1308 Attica,
374 1229 513 1314 Megara,
538 1229 673 1312 Argolis,
698 1228 858 1309 Laconica,
883 1228 1044 1308 Messenia,
1069 1229 1145 1308 lllis,
1169 1229 1303 1310 Achaea,

237 1339 376 1420 Arcadia,
401 1337 538 1417 Boeotia,
558 1336 679 1416 Phocis,
696 1336 800 1402 Locris
817 1336 993 1416 Ozolarum,
1017 1339 1122 1404 tamen
1138 1339 1194 1403 hac
1210 1338 1304 1419 atque

234 1445 306 1510 illac
336 1445 374 1510 ab
406 1446 547 1525 auctore,
579 1462 671 1526 quem
700 1444 855 1527 sequitur,
887 1444 963 1510 adeo
993 1444 1124 1510 liberare
1156 1463 1220 1510 sese
1242 1464 1303 1512 non

234 1555 353 1636 potest,
389 1555 424 1617 ut
459 1553 566 1618 contra
600 1549 737 1617 ordinem
772 1551 811 1618 ab
847 1552 913 1636 ipso
949 1552 1155 1619 constitutum
1189 1554 1302 1636 peccet.

233 1659 324 1726 aliter
347 1658 492 1741 explicari
515 1675 575 1724 non
598 1660 726 1741 possunt
748 1658 781 1723 hi
803 1657 882 1725 loci:

301 1766 316 1830 Ι
335 1769 363 1845 l,
384 1769 398 1832 l
418 1784 483 1848 sqq.
507 1765 647 1832 Atticam
670 1765 840 1831 describere
864 1766 965 1849 coepit
980 1785 998 1830 a
1012 1765 1106 1833 Sunio
1121 1758 1303 1849 promuntu-

227 1874 279 1944 rio
308 1875 340 1939 et
361 1873 431 1938 iude
462 1876 638 1938 recensete
661 1872 767 1938 dextra
797 1892 890 1938 manu
920 1872 959 1938 ad
989 1873 1128 1952 laevam,
1159 1874 1192 1939 id
1222 1874 1302 1957 qued

233 1982 376 2048 universo
407 1979 551 2048 Graeciae
580 1979 795 2046 describendae
826 1979 926 2045 ordini
955 1981 1112 2059 convenit,
1143 1981 1302 2062 haurium,

233 2087 372 2154 Patrocli
384 2087 528 2165 insulam,
541 2087 722 2166 Phalerum,
733 2087 894 2165 Piraeum3
912 2090 970 2170 1,4
988 2090 1090 2154 autem
1112 2087 1302 2154 describendi

235 2195 372 2262 ordinem
384 2193 528 2260 invertit:
546 2193 725 2279 Monychia,
739 2194 917 2274 Phalerum,
931 2193 1033 2261 (tollae
1043 2195 1302 2277 promunturium,

238 2302 341 2370 deiude
356 2299 488 2368 Athenis
505 2300 664 2384 descriptio
680 2320 706 2368 c.
724 2304 765 2366 31
783 2304 813 2369 et
829 2304 882 2380 32,
900 2304 973 2366 3-
985 2320 1011 2367 o.
1029 2304 1070 2367 35
1087 2302 1161 2385 pagi
1176 2301 1301 2384 quidam

237 2409 333 2476 Attici
355 2411 584 2488 enumerantur,
615 2426 746 2492 quorum
775 2407 867 2499 series
897 2407 967 2474 inde
996 2408 1035 2473 ab
1058 2408 1240 2473 Halimuute
1269 2409 1301 2474 iu

235 2517 462 2603 universum³⁴)
489 2535 543 2600 per
570 2516 646 2582 litus
670 2515 811 2583 Atticum
820 2515 861 2602 ³⁵)
889 2515 969 2582 circa
993 2513 1120 2582 Sunium
1144 2516 1301 2598 usquead

307 2781 342 2854 ³²)
361 2782 486 2838 Zeitechr.
506 2783 524 2838 l.
544 2781 569 2835 d.
588 2781 808 2837 Altertumewiss.
828 2781 896 2837 1851
916 2799 942 2851 p.
961 2781 1022 2836 300.

307 2871 340 2941 ³⁸)
359 2856 444 2927 ‘Uber
461 2869 618 2926 Pausanias'
637 2888 663 2941 p.
683 2872 726 2925 67.

305 2961 341 3031 ⁸⁴)
360 2961 435 3028 Quod
448 2977 576 3032 pagorum
586 2961 790 3015 maritumomm
803 2959 867 3014 ordo
880 2958 1087 3029 topographicus
1099 2973 1299 3028 nonnumquam

232 3051 334 3108 additis
346 3051 425 3122 pagis
438 3049 637 3106 mediterraneis
651 3053 691 3105 est
703 3049 877 3120 interruptus,
896 3048 1044 3103 Pausanias
1057 3048 1155 3117 partim
1171 3049 1301 3104 rationem

233 3141 359 3197 habuisse
384 3139 490 3195 videtur
508 3137 707 3205 similitudinis,
735 3155 801 3209 quae
824 3139 896 3192 inter·
920 3154 961 3192 res
984 3136 1149 3206 singulorum
1174 3154 1301 3207 pagorum

233 3230 418 3286 memorabiles
437 3228 626 3284 intercedebat.
646 3228 785 3298 compositi
803 3228 873 3282 enim
892 3229 920 3281 in
939 3243 1021 3281 unum
1039 3227 1124 3282 locum
1144 3230 1208 3282 sunt
1225 3226 1301 3282 Hali-

233 3320 314 3374 mueii
323 3323 350 3376 et
358 3319 512 3389 Prospaltii,
523 3318 597 3389 quod·
606 3318 713 3388 utrique
723 3317 827 3373 Cereris
839 3321 866 3373 et
874 3317 1045 3386 Proserpinae
1054 3316 1183 3386 templum
1193 3317 1302 3384 habeut,

234 3409 395 3479 Anagyrasii
413 3413 440 3465 et
460 3407 636 3478 Cephaleuses
655 3409 762 3477 propter
780 3405 897 3471 illorum,
917 3411 947 3462 ut
966 3404 1085 3471 videtur,
1110 3407 1302 3462 venerationem

233 3499 329 3553 Matris
347 3499 476 3563 Deorum,
500 3513 580 3568 quam
599 3496 710 3552 eandem
729 3495 858 3564 Magnam
877 3495 962 3552 Deam
981 3495 1113 3550 nominari
1136 3498 1232 3550 uotum
1253 3498 1303 3561 est,

234 3591 261 3643 et
280 3587 374 3642 horum
392 3585 493 3642 cultum
514 3585 662 3652 Castorum,
683 3603 748 3656 quos
763 3587 877 3654 Magnos
890 3585 959 3639 Deos
973 3587 1083 3649 vocant;
1102 3584 1212 3639 Prasiae
1224 3584 1303 3639 simul

234 3680 261 3731 ct
278 3675 423 3746 Lamptrae
441 3679 468 3731 et
479 3675 585 3730 Potami
604 3678 774 3731 recensentur
793 3675 827 3730 ob
841 3674 960 3745 sepulcra
971 3673 1183 3745 Erysichthonis,
1197 3672 1302 3741 Cranai,

234 3765 317 3832 Ionis,
335 3765 480 3837 Phlyeuses
498 3767 588 3821 autem
608 3782 667 3820 cum
680 3765 869 3836 Myrrhinusiis
886 3767 914 3820 et
926 3763 1154 3820 Athmonensibue
1172 3763 1205 3819 ob
1225 3780 1300 3819 vene·

234 3855 362 3910 rationem
389 3854 492 3909 Dianae
516 3853 664 3919 Luciferae,
691 3853 858 3920 Oolaenidie,
885 3853 1053 3923 Amarysiae,
1081 3869 1139 3908 cum
1165 3852 1303 3910 Acharnae

234 3945 350 4000 insertae
367 3961 422 3999 esse
438 3943 579 3999 videantur
597 3947 691 4014 utpote
711 3942 942 4000 Athmoneusibua
961 3942 1074 4003 vicinae.

305 4032 339 4110 ⁸⁵)
358 4033 399 4096 Cf.
418 4035 433 4088 Ι
452 4035 495 4106 33,
516 4035 541 4096 2,

1087 4136 1124 4199 2.
