3258 4724
695 309 912 370 ..27-

264 504 479 590 ὀνυμαίόμενον
491 501 676 590 Ἀλκιμέδων
692 505 744 566 καί
758 498 842 586 ὑπὲρ
866 509 925 566 τοῦ
947 501 1067 566 πεδίου
1090 503 1123 564 τὸ
1139 497 1208 584 ὄρος
1219 497 1294 565 ἐστίν
1310 497 1329 586 ἡ

263 608 450 696 Ὀστρακίνα.
460 610 595 678 eitiunt.
605 611 627 674 l.
639 629 664 676 c.
676 609 695 675 Ι
706 630 737 694 ρ.
749 611 813 676 242
824 625 880 691 sq,
890 609 979 674 Burs.
989 607 1011 672 l.
1028 627 1054 674 c.
1066 607 1097 671 ll
1111 627 1143 690 p.
1160 609 1240 684 2073
1253 608 1329 674 214.

330 719 408 784 VIII
438 721 497 796 35,
521 719 539 784 7
571 713 683 801 ἐρείπια
714 717 746 780 δὲ
775 716 890 780 πόλεων
919 717 970 778 καί
997 713 1091 790 ἄλλα,
1121 713 1256 798 Θυραίου
1277 716 1329 799 μὲν

262 822 392 898 σταδίοις
414 829 497 888 πέντε
520 823 661 907 ἀπωτέρω
684 823 844 907 Παρωρίας
866 825 918 885 καί
941 823 1029 897 δέκα,
1057 823 1094 885 τὰ
1116 821 1148 884 δὲ
1171 817 1328 907 Ὑψοῦντός

263 931 337 999 ἐστιν
359 930 390 997 ἐν
414 931 474 1017 ὄρει
497 936 621 1018 κειμένῳ
646 933 698 1016 μὲν
728 926 814 1014 ὑπὲρ
846 939 905 994 τοῦ
936 929 1074 1005 πεδίου,
1098 929 1272 1014 καλουμένῳ
1296 928 1328 991 δὲ

262 1037 454 1128 Ὑψοῦντιίῑ).
923 1095 933 1107 ,
1147 1083 1148 1086 ¹

327 1148 470 1227 138,.o
500 1147 579 1235 δήλη
610 1146 642 1210 δὲ
672 1148 785 1218 τοώτοις
812 1143 868 1229 (sc.
896 1153 956 1217 τοῖς
982 1142 1130 1231 ἐρειπίοις)
1157 1141 1216 1216 ἐστὶ
1243 1141 1328 1216 πόλις

262 1255 318 1342 (sc.
334 1253 523 1340 Ἐλευθεραί)
547 1253 643 1337 ὀλίγον
666 1251 751 1341 ὑπὲρ
774 1264 834 1318 τοῦ
856 1255 978 1320 πεδίου
1001 1257 1075 1339 πρὸς
1098 1267 1138 1339 τῷ
1161 1253 1328 1338 Κιθαιρῶνι
1391 1315 1392 1320 ,

261 1359 433 1428 οἰκισθεῖσα.
468 1363 507 1428 cf.
530 1364 620 1430 Burs.
641 1362 663 1430 l.
685 1381 712 1428 ο.
736 1363 753 1427 Ι
772 1383 803 1446 ρ.
824 1364 888 1428 249
908 1381 965 1447 sq,
989 1361 1041 1430 W.
1062 1361 1227 1428 Vischems
1259 1356 1327 1426 ‘ilr-

260 1469 422 1554 innerung.
438 1488 469 1534 u.
486 1469 593 1535 Eindr.
609 1487 637 1536 a.
654 1465 816 1536 (idcelli
839 1488 872 1552 ρ.
887 1471 948 1536 531
968 1487 1034 1552 sqq.
1272 1513 1276 1520 ·

327 1576 377 1642 ill
405 1579 463 1655 22,
494 1579 514 1642 2
541 1572 681 1640 Διονίιοου
709 1575 741 1639 δὲ
769 1573 839 1660 ὄρος
866 1571 942 1660 ἱερὸν
969 1573 1117 1661 Λαρώαιον
1144 1575 1327 1660 ιωιλοίιμενὸν

260 1680 335 1747 ἐστιν
357 1679 441 1766 ὑπὲρ
465 1691 524 1746 που
546 1680 724 1764 Μιγωνίου
749 1682 783 1768 (i.
806 1701 833 1748 e.
854 1701 947 1766 supra
975 1700 1061 1748 oram
1084 1681 1220 1748 Cranaos
1241 1681 1327 1748 insu-

259 1791 309 1857 lae
332 1789 518 1877 adversam).
553 1789 593 1856 ci.
616 1788 702 1856 Ourt.
724 1790 746 1857 l.
769 1808 795 1854 c.
811 1788 850 1854 ,ΙΙ
870 1808 901 1872 ρ.
923 1791 988 1858 269
1010 1809 1066 1872 νη,
1089 1790 1179 1878 Burs
1201 1788 1223 1854 l.
1244 1808 1271 1855 c.
1293 1789 1327 1854 II

260 1918 290 1982 ρ.
308 1899 383 1964 145.
1220 1952 1224 1963 .
1263 1941 1266 1946 -

327 2005 373 2070 IX
391 2005 475 2084 13‚3
495 1999 791 2088 Ἐπαμεινώνδας-
808 2000 993 2089 ἀντεκάθητο
1014 1999 1100 2086 ὑπὲρ
1123 2013 1186 2090 της
1207 2001 1326 2090 Κηρι-
1356 2059 1357 2062 ,

260 2111 359 2183 οίδος
381 2111 508 2197 λίμνης
531 2106 572 2180 er
594 2114 795 2197 ποιησομένων
818 2112 910 2194 ταώτη
935 2108 1177 2197 Πελοποννησίων
1199 2112 1252 2194 τὴν
1275 2105 1325 2172 ἐα-

261 2217 361 2306 βολην.
399 2216 626 2300 Epaminondas
657 2219 694 2280 τὰ
725 2220 789 2302 περί
821 2221 872 2303 την
902 2215 1073 2300 Κορώνειαν
1105 2221 1192 2281 στενά
1221 2215 1325 2296 (Ῐλὶοιί.

263 2326 318 2392 XV
341 2326 398 2410 52)
422 2327 633 2418 occupauerat,
656 2325 677 2390 i.
698 2345 724 2392 e.
741 2327 862 2391 montes
883 2343 977 2408 supra
996 2322 1140 2406 paludem
1158 2322 1324 2406 Copaidem

329 2536 365 2610 ⁶¹)
383 2536 492 2613 (lurtim
510 2538 529 2597 l.
542 2555 564 2594 c.
578 2538 592 2592 I
605 2556 632 2608 ρ.
644 2537 696 2594 307
709 2554 748 2608 sq.
767 2539 795 2592 et
813 2535 961 2592 Bursianus
979 2536 999 2591 l.
1016 2553 1037 2592 c.
1054 2535 1084 2590 II
1096 2551 1120 2605 ρ.
1135 2533 1185 2588 231
1212 2551 1242 2589 ex
1265 2550 1324 2589 cou-

259 2628 359 2684 icctura
371 2627 544 2700 Hypsuntem
556 2631 674 2683 montem
686 2629 714 2681 et
727 2626 817 2682 urbem
830 2627 898 2682 circa
910 2628 1041 2682 recentem
1054 2625 1149 2689 alcum,
1168 2624 1215 2694 qui
1227 2622 1325 2678 ‘Stem-

258 2715 340 2772 nitus’
359 2717 515 2788 appellatur,
534 2718 685 2788 posueruut,
704 2715 750 2770 sed
768 2715 797 2771 hi
816 2715 923 2786 quidem
936 2715 1079 2770 articulum
1091 2720 1136 2766 τοῦ
1155 2711 1324 2768 antarctico

258 2822 352 2876 parum
364 2805 505 2876 respexisse
517 2805 651 2872 videntur,
671 2821 748 2876 quem
760 2803 794 2861 ad
806 2804 908 2875 aliquid
923 2804 1080 2862 antecedens
1093 2802 1257 2858 referendum
1270 2819 1325 2858 esse

259 2897 382 2966 apparet3
402 2895 456 2950 iam
475 2911 535 2950 vero
549 2911 608 2950 cum
621 2894 653 2950 de
665 2909 758 2964 eampo
770 2893 861 2964 aliquo
874 2893 945 2949 inter
956 2893 1106 2962 Thyraeum
1119 2895 1145 2946 et
1157 2891 1324 2963 Hypsuntem

257 2984 309 3042 sito
328 2985 442 3054 cogitari
460 2999 514 3039 non
532 2984 616 3054 possit
634 2985 780 3054 propterea,
800 2983 863 3052 quia
880 2985 940 3038 tuta
956 2982 1023 3038 haec
1040 2982 1114 3052 regie
1131 2983 1271 3049 montuosa
1284 2985 1325 3036 est

258 3071 288 3145 (ἡ
308 3070 336 3126 δὲ
349 3071 465 3145 Θυραίου
485 3092 512 3125 τε
525 3074 567 3141 aqi
580 3070 725 3142 Ὑψοῦντος
738 3071 833 3144 μεταξὺ
848 3069 937 3144 ὀρεινὴ
950 3072 1023 3124 πᾶσά
1036 3069 1089 3124 ἐστι
1101 3071 1145 3138 αριί
1161 3069 1323 3143 θηριώδης),

256 3163 382 3234 planIties
395 3163 622 3234 MegalopoIItana
634 3161 813 3232 intellegenda
825 3164 874 3218 est.
892 3177 954 3216 nam
973 3160 1038 3216 haec
1056 3161 1080 3216 ei
1092 3161 1258 3232 peragranda
1275 3163 1323 3226 est,

258 3253 303 3323 qui
321 3253 459 3308 Messenen
478 3251 615 3321 (V11134,
631 3252 644 3306 1
663 3252 741 3323 sqq),
762 3243 807 3322 qui
826 3250 982 3306 damasium
1003 3250 1056 3319 (35,
1071 3251 1083 3305 i
1099 3249 1161 3320 sq),
1181 3250 1227 3322 qui
1244 3249 1323 3306 Lace·

249 3330 409 3398 'daemonem
429 3341 482 3410 (35,
496 3342 512 3396 3
527 3343 589 3411 sq),
613 3342 659 3411 qui
681 3341 710 3394 in
729 3340 872 3396 Arcadiam
895 3340 1048 3396 interiorem
1071 3341 1119 3396 ant
1142 3338 1324 3409 Methydrium

257 3432 311 3501 (35,
325 3433 341 3486 5
354 3432 422 3503 sqq.)
442 3434 490 3487 aut
507 3431 659 3486 Maenadum
678 3431 732 3500 (36,
746 3431 761 3486 5
774 3431 844 3502 sqq.)
867 3430 998 3501 proficisci
1016 3430 1082 3485 vult.
1106 3429 1197 3498 itaque
1215 3428 1322 3499 Hypsas

215 3548 218 3553 Δ
256 3521 319 3576 urbs
337 3537 390 3575 nen
409 3523 464 3576 tam
482 3521 511 3575 iu
524 3519 695 3576 iuterioribus
708 3519 843 3576 montibus
857 3519 987 3582 Arcadiae
998 3535 1078 3589 qnam
1091 3534 1170 3587 supra
1183 3516 1323 3588 planitiem

251 3610 512 3680 ‚Megalopolitanum
531 3609 559 3663 in
578 3612 693 3666 extremo
712 3609 818 3680 angulo,
838 3609 884 3678 qui
902 3609 971 3665 Inter
990 3607 1183 3678 septentriones
1207 3609 1235 3661 et
1258 3607 1322 3662 occi·

256 3698 363 3754 dentem
382 3700 431 3764 est,
451 3698 606 3768 indaganda
623 3714 679 3753 essc
696 3698 765 3754 mihi
783 3687 897 3764 videtur,
916 3715 966 3768 quo
983 3696 1133 3752 Pausanias
1150 3694 1322 3751 aTricolonis

255 3803 301 3857 per
318 3787 554 3858 septentrionalem
571 3787 692 3858 planitiei
704 3787 855 3856 marginem
874 3786 1032 3842 deverticulo
1053 3802 1113 3840 usus
1132 3787 1233 3840 rectam
1251 3784 1322 3839 viam

250 3874 437 3947 ,Methydrium
457 3876 542 3932 Iacere
561 3877 663 3946 pergit3
683 3875 830 3941 cf.138‚8
849 3875 875 3928 ἐν
894 3873 978 3943 τούτῳ
992 3861 1041 3944 Ιτῷ
1061 3871 1149 3945 πεδίῳ,
1171 3874 1190 3928 i.
1204 3889 1226 3929 e.
1245 3873 1273 3927 in
1292 3889 1322 3927 ea

256 3965 379 4035 planitie,
398 3981 445 4035 per
465 3982 546 4036 quarn
568 3965 694 4020 Eleusine
713 3964 870 4022 Eleutherna
890 3965 941 4022 iter
960 3963 1046 4020 ducit:
1066 3963 1136 4037 qnod
1159 3963 1321 4034 cogitatione

254 4053 431 4134 supplendum
451 4056 501 4118 est.
