3258 4724
765 344 984 403 „64-

337 535 549 620 ἐπαναβάντι
572 533 602 600 ἐν
625 537 705 620 δεξιᾷ
727 535 864 624 Μέγαρόν
887 535 947 601 ἐστι
974 539 1156 624 καλούμενον
1179 575 1231 602 -.
1263 535 1349 624 ύοὲρ
1371 539 1405 602 δὲ

336 647 370 708 τὸ
392 645 574 730 καλούμενον
598 641 735 728 Μέγαρόν
758 643 833 708 ἐστιν
859 642 953 718 ἄλσος
981 653 1034 733 της
1056 643 1219 732 Δοσιοοίνης
1248 641 1323 728 ἱερόν
1347 683 1401 709 ·--.

336 748 423 834 ὑπὲρ
454 750 488 814 δὲ
510 753 543 813 τὸ
566 749 660 821 ἄλσος
682 787 725 798 --
749 747 802 814 είσί
824 753 928 838 βωμοί.
955 787 993 802 -
1018 749 1153 817 ἐντούθον
1183 752 1216 816 δὲ
1244 749 1405 840 ἀναβήσῃ

338 858 395 922 διὰ
425 859 604 944 κλίμακος
636 855 667 929 ἐς
698 855 773 943 ἱερὸν
806 856 907 931 Πανός
938 860 1012 926 aaut.
1047 856 1210 944 ἀνωτέρω
1243 859 1277 924 δὲ
1307 855 1405 941 ὀλίγον

336 969 453 1051 τείχους
474 987 505 1028 τε
528 967 683 1049 περίβολος
705 975 759 1052 up<
773 963 973 1050 Λυκοσούρας
994 963 1064 1030 ἐστί.
1089 983 1167 1048 quaa
1183 964 1347 1048 deuoriptio
1365 965 1405 1030 ad

337 1073 450 1138 montis
473 1075 616 1138 naturam
640 1075 686 1138 est
708 1071 884 1156 aptissima;
907 1073 947 1138 cf.
971 1071 1059 1139 Gurt.
1082 1073 1105 1140 I.
1129 1092 1155 1139 o.
1179 1072 1195 1137 1
1217 1093 1248 1156 p.
1266 1073 1330 1140 296
1346 1091 1404 1156 sq„

337 1182 427 1246 Bura.
436 1179 458 1244 l.
467 1197 493 1247 o.
502 1179 534 1246 11
545 1199 575 1262 p.
587 1181 650 1245 287
663 1199 729 1264 sqq.
744 1197 842 1262 nuper
853 1180 1005 1263 templum
1015 1181 1328 1263 Dospocnaoorutnro
1339 1183 1403 1256 est;

338 1291 408 1353 ante
430 1287 463 1352 id
487 1290 590 1354 auteur
613 1305 765 1370 supraque
788 1287 932 1354 vidoctur
953 1287 1078 1354 inventa
1106 1305 1171 1354 esau
1192 1288 1325 1373 uostipia
1347 1289 1406 1354 huc

337 1394 467 1480 Megari,
480 1395 563 1478 qnod
574 1395 752 1473 vocabatur,
764 1394 1018 1478 illaoportiuura
1034 1395 1192 1480 periogota
1204 1398 1403 1462 memoratae.

337 1504 374 1569 ef.
398 1499 487 1588 Ἀρχ.
512 1500 597 1566 Δελτ.
625 1504 709 1569 1889
737 1522 769 1585 p.
789 1505 851 1568 159
867 1521 932 1586 sqq.
962 1504 994 1570 et
1025 1504 1109 1570 1890
1131 1521 1162 1585 p.
1179 1505 1222 1570 00
1238 1515 1298 1586 sq.‚
1327 1499 1405 1584 Ah.

337 1610 421 1676 Mitt.
445 1609 504 1674 XV
528 1609 642 1693 (1800)
665 1629 696 1692 p.
714 1612 788 1674 230.

403 1719 418 1783 l
445 1719 495 1795 18,
513 1719 536 1781 2
556 1713 640 1798 ὑπὲρ
664 1715 698 1778 δὲ
719 1725 775 1779 τῶν
791 1712 978 1800 Διοσκούρων
999 1719 1037 1780 σὺ
1059 1712 1403 1802 ίερ,ον“1)Ἀγλαύροο

339 1863 552 1872 w

361 1928 363 1934 ¹
410 1948 453 2019 140)
472 1951 503 2001 τὸ
522 1947 589 2020 ἱερὸν
608 1947 691 2004 refero
710 1947 745 2003 ad
757 1949 836 2006 verba
849 1947 1041 2015 antecedentia,
1060 1963 1121 2015 non,
1140 1952 1171 2004 ut
1183 1945 1404 2008 Waohamnttrins

337 2040 355 2098 l.
375 2041 393 2094 l.
412 2039 427 2094 I
446 2057 471 2109 p.
485 2039 550 2106 219,
575 2037 610 2092 ad
634 2038 811 2116 insequentia,
836 2055 995 2108 quamquam
1020 2037 1083 2110 ύπύρ
1102 2045 1154 2091 τῶν
1173 2037 1340 2110 Διοσκούρων
1356 2052 1404 2110 pro

241 2126 247 2131 ”
337 2128 400 2200 ὑπὲρ
419 2135 464 2180 τοῦ
483 2126 553 2199 ἱεροῦ
572 2135 621 2180 τῶν
640 2125 670 2181 Δ.
688 2127 742 2182 tici
760 2143 834 2200 posse
852 2127 976 2184 confiteor
993 2127 1038 2196 (cf.
1056 2129 1137 2184 Paua.
1149 2127 1217 2184 VIII
1231 2127 1305 2194 32,ss
1323 2143 1404 2198 supra

342 2237 368 2290 p.
380 2217 440 2290 40);
466 2217 512 2274 sed
537 2217 665 2274 articulus
684 2215 906 2296 vocabuloliepio
932 2218 1110 2293 praepositus,
1134 2219 1179 2288 qui
1200 2218 1347 2273 necessario
1370 2217 1403 2274 aa

341 2305 444 2380 aliquid
457 2309 510 2364 ianr
531 2309 764 2364 commemoratum
781 2308 906 2377 pertinet,
920 2305 1114 2364 Waehsmnthii
1132 2306 1282 2378 opinionem
1295 2307 1404 2362 refutat.

339 2397 433 2470 quodsi
458 2397 517 2468 quis
539 2397 602 2452 huic
624 2397 662 2452 rei
685 2395 756 2466 apud
774 2397 933 2452 Pausaniam
957 2413 1010 2452 nou
1033 2395 1073 2452 ita
1095 2397 1210 2452 ruultum
1231 2395 1404 2452 tribuendum

340 2489 532 2552 rosacensem,
556 2485 671 2541 alterum
689 2488 876 2555 argumentum
896 2487 930 2540 ad
950 2486 1112 2556 probandam
1135 2501 1221 2540 meam
1244 2486 1404 2544 sententiam

336 2577 498 2648 suppeditat.
517 2591 580 2630 nanu
592 2575 661 2646 ίορύν
680 2576 738 2630 roei
755 2575 861 2644 τέμενος
873 2573 997 2632 additum
1011 2591 1070 2632 uum
1083 2591 1131 2645 por
1141 2591 1171 2631 aa
1183 2591 1403 2646 numentanorum

337 2669 387 2732 eat,
400 2669 457 2720 tum
469 2664 606 2736 scriptoris
620 2663 680 2720 usui
693 2663 799 2718 dicandi
813 2666 953 2734 repugnat.
966 2663 1037 2718 aolus
1051 2664 1128 2730 enirn,
1142 2667 1272 2734 quantum
1283 2664 1401 2732 memini,

337 2756 422 2820 locus,
451 2771 502 2824 quo
531 2753 634 2824 τέμενος
659 2751 728 2826 ἱερὸν
753 2753 882 2810 traditum
910 2755 1010 2820 exstat,
1034 2755 1074 2808 est
1097 2753 1140 2810 111
1164 2749 1236 2818 26,1
1262 2752 1350 2824 ἀπέχει
1376 2751 1405 2809 δὲ

338 2841 509 2916 Καρδαμύλη
529 2839 674 2913 θαλάσσης
688 2841 735 2913 μὲν
755 2839 823 2894 ὀκτὼ
844 2837 972 2908 σταδίους,
992 2837 1133 2912 Λεύκτρων
1152 2839 1179 2894 δὲ
1197 2841 1250 2893 καί
1268 2840 1405 2913 ἑξήκοντα.

290 2943 296 2954 ’
340 2933 456 2988 ἐνταῦθα
469 2931 498 2984 ού
513 2932 602 3004 πύρρω
615 2937 660 2984 τοῦ
675 2929 793 3004 αἰγιαλοῦ
809 2933 940 3001 τέμενος
959 2930 1045 3003 ίερύν
1063 2937 1114 2984 τῶν
1124 2929 1238 3005 Νηρέως
1251 2929 1404 3003 θυγαιίρων

239 3071 240 3076 ,
341 3021 415 3080 ἐστίν.
429 3022 475 3078 sed
487 3021 531 3077 hic
543 3039 592 3092 ago
604 3019 708 3092 quidem
722 3021 793 3076 inter
803 3022 911 3093 τέμενος
924 3019 1031 3093 οίίερύν
1044 3022 1211 3080 inserendum
1223 3033 1279 3076 ossa
1289 3019 1406 3078 nrbItror

336 3112 406 3169 illud
423 3109 477 3176 uui,
497 3111 567 3181 qnod
580 3111 698 3181 margini
710 3110 782 3167 haud
795 3111 876 3167 dnbio
890 3111 1033 3181 aliquando
1046 3110 1211 3182 adscriptum
1223 3111 1253 3168 in
1270 3107 1404 3168 codicibus

336 3203 374 3258 Pc
393 3201 434 3257 Vb
453 3201 488 3271 (i)
507 3199 550 3270 ng
569 3200 609 3254 Lb
628 3201 717 3272 inepte
742 3204 804 3258 anta
822 3199 952 3272 ἑξήκοντα
970 3203 1116 3272 comparet,
1142 3216 1201 3256 cnm
1224 3200 1254 3255 iu
1272 3199 1313 3254 Va
1331 3200 1358 3254 et
1375 3197 1404 3254 Μ
1438 3245 1440 3249 .

336 3293 414 3364 plane
425 3291 559 3355 omissum,
579 3289 607 3343 in
619 3290 659 3346 La
670 3292 759 3344 autern
778 3289 807 3344 in
825 3286 844 3361 ἦ
863 3292 999 3344 mutatum
1013 3290 1057 3346 sit.
1077 3289 1146 3359 qnod
1164 3305 1225 3343 vero
1239 3286 1403 3344 Schubartna

337 3385 365 3438 et
383 3379 500 3436 Walains
525 3379 704 3449 interrogant:
729 3377 801 3433 ‘num
825 3377 893 3434 iorto
918 3375 947 3451 η’
976 3377 1004 3448 (i.
1021 3395 1043 3434 e.
1065 3375 1148 3446 ύνιιὼ)
1171 3375 1216 3428 ναὶ
1238 3373 1403 3448 ἑξήκονοαῗζ

336 3472 420 3543 ipsIus
431 3487 481 3540 ego
490 3469 635 3524 Schubarti
644 3467 732 3534 verba,
746 3467 841 3538 quibus
852 3468 884 3523 cle
893 3467 977 3522 simili
987 3466 1101 3538 quadam
1112 3466 1245 3521 SohaeIeri
1255 3466 1405 3521 coniectura

306 3631 308 3636 Ι
337 3577 400 3616 usna
419 3564 459 3616 ost
477 3558 552 3629 (vido
571 3573 630 3613 oum
649 3555 682 3612 ad
702 3555 770 3612 VIII
791 3559 830 3623 10,
846 3557 882 3626 2),
902 3573 962 3612 mea
980 3556 1062 3612 tucio:
1081 3555 1175 3626 ‘nequa
1190 3555 1269 3626 (hoo)
1287 3557 1404 3610 rationes

337 3651 443 3708 criticae
461 3648 580 3713 amount,
600 3664 659 3702 cum
678 3646 749 3717 opud
766 3647 926 3702 Pausaniam
939 3663 1030 3702 omnes
1042 3646 1207 3702 coniecturae
1224 3663 1239 3702 ο
1256 3645 1342 3715 signis
1354 3662 1404 3702 nn·

337 3740 480 3796 moralibus
500 3738 633 3794 derivatae
651 3739 787 3807 suspectae
812 3735 867 3790 sint
890 3734 971 3792 fidci’.
995 3735 1030 3790 ad
1053 3734 1135 3790 verba
1152 3735 1255 3807 τέμενος
1274 3735 1317 3786 καί
1336 3732 1403 3805 ἱερὸν

337 3830 425 3888 confer
443 3828 497 3884 VII
515 3829 588 3893 20‚7
608 3824 738 3898 τίμονύς
758 3824 824 3878 ἐστιν
841 3821 998 3895 Ἀρτίμιδος
1017 3825 1073 3894 καί
1090 3825 1166 3887 ναὸς
1185 3821 1352 3896 Λιμνάτιδοςγ
1372 3823 1402 3877 lI

337 3919 410 3986 29‚1
430 3919 561 3989 τέμενος
580 3916 615 3990 δή
634 3917 699 3970 ἐστιν
717 3914 885 3988 Ἀσκληπιοῦ
908 3915 962 3966 καί
985 3913 1166 3987 ἀγάλματα
1191 3915 1205 3967 ὁ
1231 3915 1297 3978 aaa<
1323 3913 1403 3978 αύούς

337 4009 382 4061 οιαὶ
399 4006 524 4082 Ἠπιόνης
543 4007 616 4063 VIII
635 4007 677 4072 30,
692 4008 708 4062 2
726 4002 912 4077 περίβολος
937 4003 1018 4073 (idem
1037 4006 1083 4074 §8
1101 4005 1207 4074 uipereor
1226 4007 1346 4073 vocatur)
1376 4003 1403 4056 δέ

338 4099 404 4151 ἐστιν
423 4099 447 4152 ἐν
466 4098 547 4170 ταύτῃ
568 4098 615 4167 (su.
628 4105 659 4168 τῇ
674 4096 769 4166 ἀγορᾷ)
783 4093 865 4147 λίθων
884 4094 937 4146 καί
955 4091 1041 4164 ἱερὸν
1061 4093 1178 4146 nomino
1193 4092 1266 4162 Διύς;
1286 4093 1316 4146 ΙΙ
1331 4095 1403 4159 11,4
