3258 4724
794 244 1014 306 ..54-

370 439 401 508 in
430 437 632 522 descriptione
659 439 763 504 Ioniae
790 439 861 521 post
883 437 1081 505 Clazomenas
1111 437 1252 521 quidem,
1283 437 1338 504 sad
1365 441 1439 504 anto

371 547 517 624 thermas,
534 563 612 628 quae
627 545 782 611 Pausania
797 547 922 612 auctore
944 544 1023 630 (VII
1036 547 1067 623 5,
1085 544 1141 631 11)
1156 545 1267 628 λουτρὰ
1281 540 1438 631 Ἀγαμέμ-

369 673 453 724 νονος
475 650 652 719 nominatae
675 650 941 720 Clazomeniorum
964 654 1062 721 erant.

436 758 467 823 X
490 761 542 839 38,
560 761 580 825 8
595 761 646 822 καὶ
662 757 847 830 Ποσειδῶνός
862 755 937 824 ἐστιν
953 755 1037 844 ὑπὲρ
1053 763 1113 846 τὴν
1128 759 1230 822 πόλιν
1245 757 1436 845 (Myaniam)

369 871 487 952 τέμενος
501 867 683 953 αολοίιμενον
698 864 903 932 Ποσειδώνιον.
927 866 1055 951 Mponia
1076 867 1109 932 in
1124 865 1292 934 acclivibus
1307 867 1438 934 Parnasi

369 973 509 1056 partibus
531 973 633 1056 posita
655 976 732 1040 erat.
756 974 797 1040 cf.
820 974 911 1040 Burs.
935 974 957 1044 l.
982 993 1008 1040 o.
1032 975 1048 1040 Ι
1070 993 1101 1056 p.
1121 976 1245 1056 151eq.

436 1081 466 1146 X
489 1083 580 1159 38‚9
603 1077 633 1144 ἐν
656 1077 799 1163 Οἰανθείᾳ
827 1081 859 1148 δὲ
882 1078 1061 1169 Ἀφροδίτης
1083 1104 1114 1146 τε
1142 1077 1228 1164 ἱερόν,
1258 1084 1309 1146 παὶ
1338 1078 1435 1162 ὀλίγον

368 1183 452 1270 ὑπὲρ
476 1191 535 1274 τὴν
557 1189 659 1252 πόλιν
686 1191 869 1272 κυπαρίσσου
895 1211 924 1252 πε
953 1187 1059 1275 ἀναμὶξ
1088 1191 1139 1254 ναὶ
1162 1198 1216 1276 τῆς
1237 1192 1339 1260 πίτυός
1360 1185 1435 1254 ἐστιν

369 1293 471 1366 accc.
506 1294 653 1378 oppidum
686 1297 744 1362 hoc
775 1315 830 1378 per
864 1295 981 1364 humile
1014 1297 1264 1380 promuntorium
1298 1297 1434 1379 patebat.

368 1402 406 1468 cl.
434 1401 568 1470 Ulrichs.
597 1403 620 1470 l.
649 1421 675 1470 c.
700 1403 716 1469 Ι
738 1423 769 1486 p.
786 1405 821 1482 5,
850 1403 939 1471 Boos.
967 1399 1205 1489 ‘Konigsreiscn’
1231 1405 1248 1468 Ι
1270 1423 1301 1487 p.
1317 1405 1361 1470 73
1377 1423 1435 1486 eq„

368 1510 457 1574 Bure.
481 1511 503 1576 1.
527 1528 553 1575 c.
577 1510 594 1574 Ι
616 1530 646 1593 p.
667 1512 729 1576 149
746 1529 792 1593 sq.

434 1616 513 1682 VIII
537 1619 628 1696 aad
655 1613 751 1698 ὀλίγον
780 1617 813 1680 δὲ
839 1613 938 1700 desp
966 1613 1036 1704 (ὑπὸ
1060 1617 1111 1702 ng
1133 1617 1191 1703 Ira)
1217 1621 1291 1704 ,τὴν
1315 1618 1435 1682 πόλιν

368 1722 539 1808 (Oaphyas)
566 1729 647 1812 πηγή
675 1727 705 1788 rt
733 1720 800 1788 ἐστι.
832 1724 900 1792 lons
932 1723 1069 1812 nondum
1095 1724 1238 1791 inventus
1266 1724 1366 1791 nescio
1395 1744 1435 1791 an

239 1852 241 1858 ·
368 1831 407 1896 ad
424 1830 593 1898 Onacalum
607 1835 755 1911 montom,
779 1833 832 1915 qui
847 1835 938 1899 antea
953 1835 1152 1912 memoratur,
1176 1831 1366 1916 quaerendus
1381 1834 1433 1900 stt.

367 1939 405 2004 cf.
431 1937 517 2004 (lunt.
540 1940 562 2003 l.
587 1959 613 2004 ο.
636 1939 655 2005 Ι
676 1960 705 2023 p.
726 1942 799 2018 226,
823 1941 914 2005 Burs.
938 1941 960 2004 Ι.
984 1960 1009 2007 ο.
1034 1939 1065 2005 Il
1090 1959 1118 2022 p.
1137 1943 1211 2006 206.

435 2047 462 2110 V
485 2048 517 2126 5,
535 2049 555 2112 3
576 2043 645 2111 loce
669 2047 701 2110 δὲ
716 2046 775 2112 ἀπὸ
790 2057 843 2134 τῆς
859 2043 979 2118 Ἠλείας
994 2051 1104 2133 χωρίον
1121 2045 1195 2110 ἐστὶν
1210 2045 1256 2112 ἐπὶ
1271 2048 1434 2112 θάλασσαν

367 2156 515 2240 καθῆκον,
538 2154 554 2218 ὃ
577 2151 749 2240 ὀνομάζεται
772 2159 823 2241 μὲν
847 2153 986 2240 Σαμικόν,
1013 2151 1043 2218 ἐν
1067 2154 1147 2238 δεξιᾷ
1175 2154 1208 2218 δὲ
1233 2151 1319 2238 ὑπὲρ
1347 2151 1434 2218 αὐτὸ

366 2257 446 2346 das
478 2257 622 2348 Τριφυλία
653 2262 825 2350 λαλουμένη
861 2265 913 2326 καὶ
942 2263 1027 2333 πόλις
1051 2261 1133 2327 ἐστὶν
1163 2258 1192 2326 ἐν
1222 2271 1258 2347 πῖ]
1288 2259 1434 2349 Τριφυλία

366 2365 510 2451 Λέπρεος.
543 2368 593 2434 hic
625 2369 653 2436 si
680 2370 747 2452 quis
774 2368 1033 2452 praepositionem
1060 2367 1132 2453 ὑπὲρ
1160 2365 1303 2452 ‘janseits’
1329 2369 1433 2436 valere

365 2477 463 2557 putet,
488 2475 566 2541 nihil
590 2475 670 2556 novi,
694 2477 747 2541 sed
772 2478 872 2557 potius
888 2476 1004 2559 aliquid
1020 2477 1234 2560 superpaaanei
1248 2473 1334 2544 ada
1351 2475 1434 2559 aaa

366 2581 454 2650 addit
470 2582 645 2648 Pausanias.
667 2582 831 2668 Triphylia
845 2585 952 2665 utpote
967 2584 1053 2667 regio
1068 2583 1292 2662 montuosa¹¹⁵)
1308 2583 1434 2667 eiusque

370 2689 442 2753 urbs
458 2689 588 2772 Lepreon
611 2688 671 2754 iter
693 2709 710 2754 a
725 2690 921 2756 Messeniis
942 2690 974 2756 in
991 2691 1082 2757 Eleos
1097 2691 1222 2759 facienti
1237 2691 1277 2756 ad
1291 2691 1432 2759 dextram

366 2799 453 2862 orant
468 2815 578 2879 supra
593 2795 761 2875 Samicum
786 2797 942 2882 regionem
957 2798 1049 2864 illam
1062 2797 1295 2884 ,litoralcm¹¹⁶),
1319 2817 1396 2880 quae
1411 2819 1432 2864 a

366 2901 515 2969 Strabone
531 2905 609 2970 VIII
625 2893 655 2982 3,
676 2906 716 2972 14
739 2903 891 2968 Πυλιοινιὸν
912 2905 1011 2969 πεδίον
1034 2907 1142 2972 vocata
1161 2905 1282 2971 aNada
1305 2905 1431 2972 fiumina

365 3027 462 3092 usque
483 3009 523 3076 ad
538 3011 692 3078 Samicum
716 3011 889 3090 castollum,
914 3013 999 3078 cuius
1020 3014 1175 3098 pericgata
1197 3032 1265 3095 cap..
1280 3015 1310 3091 6,
1326 3015 1347 3078 Ι
1362 3031 1429 3095 sqq.

364 3117 551 3184 mentionem
566 3118 663 3197 inicit,
687 3119 936 3206 extenditur¹¹⁷).
960 3122 994 3188 at
1010 3121 1176 3188 Pausanias
1198 3139 1235 3185 ex
1255 3119 1430 3188 Eleorum

365 3243 437 3309 agro
462 3223 535 3310 (ἀπὸ
550 3236 606 3312 τῆς
628 3223 772 3313 Ἠλείας),
801 3247 860 3294 non
883 3247 919 3294 cx
941 3227 1103 3294 Messeniis
1124 3229 1156 3293 io
1181 3227 1376 3312 Triphylian
1398 3247 1435 3293 se.

364 3332 467 3398 venire
489 3333 547 3398 ait:
571 3332 676 3417 itaque
698 3353 768 3400 cum
791 3335 954 3419 descriptio
978 3335 1043 3402 cius
1065 3355 1136 3404 cum
1159 3335 1297 3400 locorum
1317 3337 1432 3402 natura

364 3457 423 3506 non
439 3439 529 3522 alitor
545 3443 704 3524 congruat,
720 3442 803 3508 iusta
817 3445 921 3508 autem
937 3442 1149 3526 descriptionis
1164 3440 1429 3526 regulapoatulct,

363 3548 399 3612 ut
423 3546 603 3631 Triphylian
625 3546 840 3616 describendae
867 3549 993 3616 initium
1017 3569 1035 3616 a
1057 3547 1209 3634 Nouam)
1238 3549 1307 3628 liat,
1336 3549 1431 3616 uerba

434 3723 479 3794 ¹¹⁶)
498 3723 540 3780 cf.
559 3724 648 3782 Strab.
667 3724 737 3780 VIII
757 3726 837 3792 3,18,
857 3725 934 3782 Burs.
952 3727 969 3781 l.
990 3743 1012 3784 c.
1030 3725 1061 3781 II
1079 3743 1104 3796 p.
1119 3726 1179 3781 277.

435 3813 482 3883 ¹¹⁰)
502 3812 541 3871 cl.
562 3814 596 3882 ἕξ
616 3817 631 3868 7
651 3817 678 3869 et
697 3816 743 3884 113
763 3832 784 3870 c.
801 3817 829 3878 6,
843 3815 883 3869 4.·

434 3899 479 3971 ¹¹⁷)
499 3903 540 3960 cf.
560 3903 637 3959 Burs.
656 3905 673 3963 l.
694 3919 715 3960 c.
734 3903 763 3958 11
782 3921 806 3974 p.
821 3903 882 3968 881,
898 3905 923 3957 1.

435 3991 479 4063 ¹¹⁸)
499 3991 540 4049 of.
560 3993 600 4049 IV
613 3993 656 4061 38,
670 3996 695 4050 7.
709 4023 711 4031 v
