3258 4724
642 203 859 262 ...71-

214 397 376 478 Magnetes
398 396 548 472 saltantes
571 392 603 460 iu
619 395 772 478 Apollinis
790 397 949 482 Amyclaei
964 398 1075 463 throno
1088 396 1150 483 161).
1175 397 1279 480 itaque

213 521 320 585 perse
346 501 539 588 intellegitur
561 503 662 569 uerbis
691 499 763 586 ὁπὲρ
793 507 845 590 την
866 504 1001 591 κεφαλὴν
1032 513 1081 566 τοῦ
1105 503 1278 590 ἀγάλματος

212 611 379 694 significari
402 628 511 692 supra
534 612 627 693 caput
650 610 809 676 simulacri
832 627 881 676 eas
905 612 1006 676 locum
1030 611 1182 689 habuisse,
1207 631 1280 678 eon-

213 720 412 800 firmaturquc
443 717 474 782 id
507 718 599 782 etiam
629 717 742 784 collato
772 716 789 782 Ι
819 719 911 797 40,4
942 718 1009 784 leco
1039 716 1125 803 ὑπὲρ
1157 719 1189 781 δὲ
1219 730 1280 804 της

212 828 372 915 κεηαλης
387 833 436 888 τοῦ
452 822 522 895 Διός
538 821 606 889 εἰσιν
619 822 707 907 Ὧραι
723 828 774 888 καὶ
786 823 906 909 Μοῖραι,
923 826 976 891 ubi
992 845 1068 908 opus
1084 826 1279 892 simillimum
1401 817 1403 822 ¹

213 933 409 1011 describitur,
438 935 573 1000 ceterum
603 934 743 1018 genetivo
774 934 991 1017 praepositioni
1023 934 1128 1000 addito
1139 935 1205 1021 161).
1241 937 1278 1002 cl.

212 1039 342 1108 Brunnii
372 1036 489 1108 ‘Gescb
521 1041 549 1105 d.
574 1041 687 1125 griecb.
713 1038 869 1108 Ktnstl.'²
900 1063 930 1124 p.
949 1045 1031 1121 123,
1062 1043 1096 1108 a.
1122 1042 1279 1109 Peterseni

212 1146 279 1214 ‘Die
302 1148 405 1213 Kunst
428 1148 480 1214 des
503 1145 619 1213 Pheia?
641 1167 671 1231 p.
689 1151 769 1226 352;
792 1143 868 1228 371,
893 1149 1074 1216 Ouerbeokii
1101 1146 1221 1216 ‘Gesob
1246 1149 1281 1215 (1.»

212 1257 327 1341 gmeoh.
351 1254 482 1324 Plast'3
505 1259 521 1322 I
543 1279 573 1344 p.
591 1261 666 1324 aco.

278 1365 324 1431 IX
352 1369 408 1442 21,
434 1369 453 1430 2
485 1369 579 1453 σφίσιν
609 1365 881 1450 (rhinocerotibus)
914 1363 959 1430 ἐπ’
988 1365 1067 1451 ἄκρη,
1096 1377 1131 1452 τη
1163 1365 1216 1451 ῥινὶ
1248 1368 1278 1430 ἓν

211 1469 326 1556 ἑκάστῳ
342 1477 434 1556 κέρας
449 1475 500 1537 καὶ
515 1471 591 1535 ἄλλο
607 1469 692 1557 ὑπὲρ
709 1471 792 1536 αὐτὸ
809 1470 842 1536 ob
858 1478 943 1558 μέγα,
962 1470 1008 1536 eu
1025 1473 1058 1536 δὲ
1073 1484 1126 1561 της
1141 1475 1278 1562 κεφαλῆς

211 1575 279 1641 οὐδὲ
307 1578 404 1666 ἀρχὴν
435 1584 546 1663 κέρατά
576 1577 643 1643 ἐστι.
674 1581 712 1646 of.
738 1580 1018 1646 lmhoof·Blumer
1048 1584 1079 1646 et
1108 1579 1144 1646 Ο.
1169 1582 1280 1648 Keller

211 1683 306 1752 ‘Tier-
329 1707 360 1750 u.
383 1687 627 1754 Pllanaenbilder
657 1689 713 1753 aul
733 1688 866 1754 Munzen
896 1709 926 1753 u.
952 1687 1101 1754 Gemmen
1129 1688 1159 1753 d.
1184 1689 1277 1753 klass.

212 1790 288 1862 nli?
311 1795 375 1861 tab.
400 1795 443 1859 lV
463 1798 492 1861 8.
517 1795 662 1861 similiter
685 1797 815 1878 scriptor
837 1792 909 1879 ὑπὲρ
934 1813 1004 1861 cum
1024 1815 1093 1881 geu.
1117 1796 1278 1880 usurpavit

211 1902 240 1964 X
264 1905 332 1979 8,8
355 1904 388 1965 τὸ
411 1911 527 1987 τραῦμα
550 1905 582 1966 τὸ
605 1899 690 1986 ὑπὲρ
713 1912 772 1966 τοῦ
796 1907 955 1983 γόνατος.

277 2010 309 2073 ll
335 2012 423 2088 17‚3
454 2007 550 2093 ὁπόρα
575 2010 606 2072 δὲ
630 2005 713 2092 ὑπὲρ
735 2011 818 2079 τοὺς
840 2013 964 2080 κίονάς
990 2005 1064 2072 ἐστιν
1088 2005 1274 2094 εἰργασμένα,

210 2120 246 2180 τὰ
269 2121 320 2203 pto
343 2114 374 2188 ἐς
397 2120 449 2203 την
464 2115 533 2188 Διὸς
556 2121 661 2197 γένεσιν
677 2119 728 2179 καὶ
751 2119 829 2181 θεῶν
846 2119 898 2179 καὶ
913 2115 1060 2198 Γιγάντων
1082 2119 1185 2204 μάχην
1202 2115 1275 2203 ἔχει,

211 2229 245 2288 τὰ
269 2224 301 2286 δὲ
324 2221 355 2294 ἐς
377 2227 424 2287 τὸν
447 2226 521 2307 πρὸς
536 2219 641 2305 Τροίαν
664 2223 793 2307 πόλεμον
809 2227 860 2285 καὶ
875 2219 962 2285 Ἰλίου
978 2227 1029 2309 την
1045 2220 1163 2287 ἅλωσιν.
1188 2223 1278 2306 signa

210 2351 245 2396 er
257 2331 387 2415 metopio
399 2330 528 2408 elevata,
541 2329 652 2413 quibus
664 2330 817 2396 Heraeum
836 2329 1012 2398 decoratum
1026 2331 1102 2408 erat,
1120 2330 1276 2414 intellegit

209 2438 382 2522 periegeta;
397 2443 479 2503 'nam
499 2437 528 2502 V
546 2440 597 2516 10,
615 2441 634 2504 5
659 2439 798 2521 metopas
814 2436 969 2522 significat
992 2437 1094 2502 verbis
1115 2446 1169 2523 της
1191 2433 1277 2522 ὑπὲρ

210 2556 274 2612 τῶν
296 2550 420 2611 κιόνων
443 2547 642 2633 περιθεούσης
666 2545 837 2633 (bouem).

275 2654 366 2720 Dicet
397 2655 548 2737 quispiam
582 2671 630 2719 mc
662 2653 816 2719 nonnullis
847 2653 924 2719 locis
955 2649 1026 2736 ὑπὲρ
1059 2650 1276 2735 praepositioni

209 2781 279 2826 oum
302 2781 366 2826 ecc.
397 2762 575 2827 coniunctae
604 2762 667 2827 vim
691 2757 858 2827 ‘eberhalb’
881 2759 1044 2837 tribuisse,
1076 2759 1186 2841 quibus
1209 2760 1276 2824 fieri

208 2868 314 2953 possit,
331 2870 366 2932 ut
381 2863 466 2932 ‘iiber
478 2905 521 2914 —
534 2864 596 2932 bin’
611 2868 723 2950 valeat,
747 2867 832 2932 velut
847 2866 880 2930 ll
898 2870 949 2945 15,
966 2869 986 2931 3
1003 2862 1109 2928 ἐκτῶν
1126 2863 1201 2950 ὀρῶν
1219 2876 1276 2929 τῶν

208 2972 279 3057 ὑπὲρ
295 2978 346 3060 τὴν
363 2973 527 3061 Πελλήνην,
552 2974 629 3039 Vlll
648 2976 698 3053 18,
718 2978 735 3042 7
752 2970 823 3057 ὑπὲρ
846 2977 897 3060 την
913 2971 1071 3055 Νώνακριν
1088 2971 1143 3059 ’όρη
1164 2975 1275 3037 καλοί)-

208 3102 281 3166 μενα
304 3076 445 3166 Ἀροάνια
468 3079 551 3157 ἐστιν,
581 3081 613 3148 ΙΙ
639 3084 689 3159 17,
713 3084 732 3147 3
757 3078 852 3144 ὁπόσα
880 3076 952 3162 ὑπὲρ
982 3081 1050 3150 τοὺς
1078 3083 1179 3150 κίονάς
1202 3078 1275 3143 ἐστιν

208 3185 392 3273 εἰργασμένα.
427 3191 460 3254 at
483 3189 541 3254 boc
563 3188 629 3253 iure
652 3189 757 3253 fecisse
781 3188 858 3252 mihi
878 3187 985 3252 videor
1008 3189 1177 3270 propterea,
1203 3188 1274 3269 qnia

207 3296 374 3362 Pausanias
396 3295 511 3362 subtile
540 3294 618 3360 illud
648 3295 846 3378 antiquorum
871 3295 1055 3377 scriptorum
1085 3294 1116 3358 in
1147 3311 1275 3376 praepo-

180 3403 353 3470 sitionum
376 3421 434 3470 usu
456 3404 537 3470 inter
552 3402 731 3488 genetivum
756 3405 787 3469 et
810 3401 1019 3468 accusativum
1036 3401 1199 3466 discrimen
1215 3420 1274 3467 non

207 3511 270 3578 iam
285 3513 388 3578 sensit.
417 3531 490 3576 nam
513 3514 550 3577 ut
564 3513 685 3577 taceam
700 3505 772 3594 bato
788 3509 958 3592 particulae
974 3528 1044 3574 oum
1061 3527 1121 3574 acc.
1147 3527 1274 3576 conexae

280 3687 324 3756 ¹⁰¹)
343 3689 384 3745 Gi.
404 3689 448 3743 III
470 3690 559 3755 18,14
584 3687 735 3740 ἀνωτάτω
760 3686 787 3739 δὲ
806 3688 886 3758 χορὸς
906 3686 945 3738 ἐπὶ
964 3692 1000 3756 τῷ
1020 3685 1109 3756 θρόνῳ
1130 3683 1274 3756 πεποίηται,

207 3775 357 3850 Μάηνητες.

279 3868 323 3936 ¹⁰²)
343 3869 373 3922 V.
393 3883 472 3936 supra
490 3886 516 3937 p.
529 3868 573 3922 44.

279 3957 325 4027 ¹⁰⁸)
345 3955 384 4012 Cf.
404 3973 483 4027 supra
501 3975 525 4026 p.
540 3958 573 4010 41
593 3973 631 4025 sq.
