3258 4724
632 333 855 396 „17-

207 531 278 606 τος,
299 527 432 594 ἐντεῦθεν
462 533 514 616 μὲν
544 567 584 576 -
614 530 684 596 Χῖοι
714 530 746 593 δέ
777 531 866 606 cett.;
894 529 934 598 cf.
957 529 1020 596 VII
1048 531 1080 608 4,
1108 528 1125 595 1
1157 523 1275 618 Χίοςὴ

210 637 369 722 ἀπαντικρὺ
383 643 434 700 τοῦ
450 634 611 723 Μίμαντος.
629 675 669 688 -
687 638 750 703 iam
774 657 843 704 cum
868 657 903 704 ex
926 637 1066 722 Delphis,
1092 656 1223 720 quorum
1244 637 1276 703 in

210 744 360 830 periegesi
392 743 468 810 haec
496 744 591 810 verba
620 745 829 827 inueniuntur,
863 745 932 812 Chii
964 746 1060 811 situm
1092 765 1127 812 ea
1156 746 1277 812 ratione

121 881 123 884 ·
211 852 457 944 definitnmesse
479 851 658 919 incredibile
681 855 732 934 sit,
764 853 850 920 locus
878 872 969 919 eme
992 852 1156 920 restitutus
1180 854 1276 938 aptis-

209 961 285 1026 sime
313 979 385 1026 oum
411 959 495 1026 locis
517 960 579 1027 VH
602 964 669 1040 4,1
694 965 725 1027 et
747 961 798 1026 IX
822 960 911 1040 11,5
936 961 1148 1045 componitur3
1181 980 1276 1045 neque

208 1069 291 1136 enim
315 1067 427 1134 Chium
454 1067 568 1135 ultra
592 1069 775 1135 Mimantem
805 1071 944 1136 montem
967 1087 1031 1134 esse
1054 1069 1153 1135 dicere
1176 1071 1277 1153 potest

207 1176 267 1242 nisi
296 1175 349 1260 qui
375 1175 484 1241 itinere
508 1196 525 1242 a
549 1176 676 1242 meridie
699 1177 738 1242 ad
760 1177 979 1261 septentriones
1001 1196 1056 1259 per
1078 1176 1200 1242 Ioniam
1224 1195 1276 1242 us-

211 1303 269 1368 que
291 1283 331 1349 ad
346 1283 530 1350 Mimantem
546 1285 629 1349 lacto
645 1284 715 1350 inde
732 1283 844 1350 Chium
867 1285 1000 1352 traicit.
1035 1283 1076 1349 of.
1093 1285 1275 1352 Strabonem
1388 1298 1390 1302 ·

171 1439 172 1442 ,
213 1395 267 1457 aut
295 1392 395 1474 potius
418 1390 650 1457 Artemidorum
660 1390 718 1476 ²⁷):
749 1389 828 1456 XIV
852 1394 940 1472 1,30
965 1392 1053 1468 Teos,
1077 1394 1118 1457 31
1142 1391 1276 1457 isthmus

210 1499 404 1582 paeninsulae
428 1498 573 1565 Teiorum
604 1501 635 1564 et
658 1499 910 1584 Erythraeorum,
940 1502 982 1566 32
1005 1515 1082 1582 sqq.
1095 1499 1276 1590 paeninsula

209 1606 289 1691 ipsa:
314 1605 452 1696 Corycus
474 1609 505 1673 et
528 1606 711 1691 Argeorum
732 1606 946 1690 promunturia
962 1607 1039 1692 (iam
1055 1607 1209 1692 Erythrae
1225 1605 1275 1674 hio

174 1742 177 1747 ·
208 1701 414 1782 nominandae
437 1715 570 1792 luerunt,
601 1713 652 1780 sed
677 1717 763 1780 extra
786 1714 924 1780 ordinem
946 1714 1010 1781 iam
1033 1716 1124 1780 antea
1148 1711 1217 1802 [31]
1240 1715 1277 1780 de

210 1820 253 1888 eis
273 1821 390 1887 dictum
412 1821 459 1886 est
479 1823 511 1887 et
529 1822 637 1903 postea
653 1817 722 1908 [34]
737 1840 843 1888 rursus
859 1820 996 1906 dicitur),
1020 1821 1127 1888 deinde
1142 1821 1277 1887 Mimas

209 1947 308 2009 mons,
322 1927 463 1994 Melaena
475 1927 736 2012 promunturium,
750 1929 830 2012 quod
842 1927 1004 1995 Mimantis
1016 1931 1072 2007 est,
1089 1929 1130 1994 35
1149 1925 1275 2011 Chios,

210 2038 252 2103 36
280 2055 345 2119 sqq.
376 2033 542 2118 descriptio
572 2035 756 2102 continentis
785 2035 996 2102 continuatur:
1031 2035 1275 2121 Hypocremnus,

211 2143 425 2233 Clazomenae,
453 2143 595 2227 Smyrna.
626 2143 706 2227 apud
733 2143 815 2208 Plin.
839 2164 869 2212 n.
893 2143 925 2207 h.
942 2143 971 2209 V
987 2146 1030 2210 29
1053 2143 1122 2228 (31)
1149 2163 1214 2226 sqq.
1244 2144 1276 2208 in

212 2251 314 2316 lontae
337 2252 368 2316 et
384 2249 524 2316 Aeolidis
547 2249 749 2333 descriptione
773 2249 847 2316 ordo
870 2250 952 2315 idem
976 2251 1022 2315 est
1045 2249 1083 2315 ab
1108 2253 1213 2315 austro
1237 2250 1276 2316 ad

216 2358 387 2440 aquilonem
412 2358 504 2440 atque
527 2357 608 2440 apud
630 2356 817 2423 Pausaniam
847 2359 879 2422 et
901 2356 950 2422 hio
974 2355 1018 2440 (X
1035 2357 1066 2436 9,
1082 2354 1117 2440 9)
1147 2359 1179 2422 et
1202 2356 1276 2422 locis

211 2484 301 2549 supra
330 2465 434 2530 allatis
463 2465 589 2550 (11114,
613 2467 629 2530 1
656 2465 703 2529 IX
725 2467 814 2543 11,5
839 2465 935 2542 1112,
960 2463 1007 2548 1),
1043 2481 1140 2546 neque
1173 2461 1276 2546 potest

210 2571 354 2650 dubitari,
367 2571 440 2655 quin
452 2570 572 2636 Plinius
585 2571 679 2636 etiam
693 2571 832 2649 Samum,
845 2570 987 2649 Icariam,
1005 2569 1127 2650 Chium,
1142 2571 1275 2636 Lesbum

209 2679 315 2745 eodem
336 2678 429 2746 modo
446 2697 504 2762 quo
520 2678 631 2746 Strabo
648 2679 729 2761 aptis
744 2680 818 2745 locis
833 2678 1004 2744 inserturus
1020 2676 1122 2758 fuerit,
1139 2677 1198 2743 nisi
1218 2679 1276 2744 hae

208 2787 326 2853 insulae
348 2788 410 2853 iam
433 2785 509 2852 ehbi
532 2786 702 2869 descriptae
725 2787 765 2851 ab
787 2805 821 2853 eo
845 2788 954 2854 essent.

276 2893 343 2969 lam
373 2892 399 2959 si
427 2894 529 2960 omnia
558 2894 634 2959 haec
664 2893 803 2976 exempla
832 2911 901 2959 cum
929 2891 1036 2958 tabula
1068 2893 1276 2976 geographica

210 2999 410 3084 comparabis,
435 3001 528 3084 viem,
553 3000 718 3068 seeundum
743 3020 835 3084 quam
860 3001 983 3084 singula
1005 2997 1186 3083 Europae
1208 3001 1276 3066 loca
1381 3080 1384 3086 Ι

210 3129 228 3174 a
250 3108 406 3176 Pausania
428 3109 616 3192 perlustrata
639 3111 721 3187 sunt,
754 3107 891 3192 singulos
915 3106 999 3174 sinus
1022 3125 1092 3172 orae
1116 3108 1275 3190 septen-

208 3216 400 3284 trionalis
423 3216 517 3283 maris
540 3214 755 3284 mediterranei
778 3217 954 3298 sequentem
980 3213 1012 3279 in
1036 3213 1212 3280 universum
1235 3215 1275 3281 ab

209 3465 321 3522 civitate
330 3465 430 3535 agitur,
441 3467 468 3522 et
478 3464 585 3535 quidem
594 3465 652 3519 sine
662 3464 744 3520 dubio
753 3464 785 3519 de
797 3463 932 3534 Erythrie;
942 3481 1005 3520 nam
1015 3464 1145 3536 Erythrae
1157 3467 1185 3520 et
1194 3463 1275 3520 Chios

208 3558 285 3610 erant
304 3571 393 3610 earum
410 3552 491 3609 Asiae
510 3554 624 3621 urbium,
652 3570 719 3624 quaa
737 3553 766 3608 in
784 3553 865 3608 tertia
884 3553 948 3608 belli
966 3552 1182 3625 Peloponnesiaci
1200 3555 1276 3625 parte

208 3644 242 3699 ab
261 3643 375 3698 Athenis
394 3643 495 3712 primae
513 3641 664 3698 defecerant
681 3642 726 3710 (cf.
746 3642 828 3698 Thac.
846 3642 917 3697 VIII
936 3643 965 3712 ὅς
985 3643 1014 3709 6;
1036 3643 1094 3710 14),
1117 3645 1198 3713 atque
1216 3659 1275 3698 cum

209 3732 289 3788 Chios
308 3749 391 3804 nsque
409 3732 443 3786 ad
461 3749 579 3802 pugnam
599 3732 669 3802 apud
682 3731 893 3802 Aegospotamos
906 3749 922 3786 a
934 3731 1204 3789 Lacedaemoniorum
1217 3749 1275 3803 par·

208 3821 283 3878 tibus
302 3825 387 3877 staret
406 3822 451 3890 (cf.
464 3821 529 3877 Xen.
542 3821 611 3877 Hell.
625 3822 653 3876 11
668 3823 692 3888 l,
707 3823 737 3888 1;
753 3823 785 3892 6;
800 3822 853 3892 10),
872 3821 1002 3891 Erythras
1021 3838 1124 3892 quoque
1143 3839 1202 3877 oum
1215 3823 1275 3878 aliis

208 3910 348 3976 decausis,
362 3913 420 3965 tom
433 3909 502 3980 quod
516 3927 529 3966 e
542 3910 604 3966 Chii
617 3911 723 3980 regione
736 3911 804 3966 sitae
821 3913 905 3976 erant,
926 3909 980 3965 illis
999 3911 1164 3981 temporibus
1184 3928 1275 3967 carun·

208 3998 268 4056 dem
287 3999 405 4072 partium
425 3999 507 4055 luisse
525 4004 647 4070 apertum
665 4003 714 4055 est.

282 4088 313 4158 27)
333 4087 366 4143 v.
385 4106 409 4160 p.
430 4087 463 4143 ra
482 4087 542 4146 aon.
562 4089 606 4145 aa
1114 4161 1131 4213 2
