3258 4724
742 248 961 308 ...76-

323 437 409 524 ὑπὲρ
439 437 548 528 αὐτὴν
578 441 638 506 ἄνω
669 443 835 526 βαρβάροις.
875 440 954 506 Poll.
979 439 992 502 1
1017 442 1059 505 80
1089 440 1210 502 καλοῖτο
1243 434 1268 500 δ’
1292 435 1327 502 ἂν
1355 441 1389 500 τό

324 552 376 634 μὲν
397 544 453 612 ὑπὸ
476 549 544 620 τοὺς
565 548 660 617 πόδας
683 545 803 632 ἔδαφος,
828 549 859 610 τό
877 543 902 610 δ’
918 543 1004 631 ὑπὲρ
1027 550 1085 632 τὴν
1108 547 1271 632 κεφαλὴν
1294 541 1390 632 ὀροφὴ

323 659 499 741 acriorem
531 657 572 720 85
602 651 686 739 ὑπὲρ
718 654 750 718 δὲ
779 657 816 718 τό
846 652 998 739 ἔμβολον
1027 653 1129 740 δελφὶς
1149 650 1277 728 torosam
1309 649 1390 718 8όὸ

325 762 429 834 στόλος
445 759 471 826 δ’
486 758 560 826 ἐστὶν
583 757 666 846 ὑπὲρ
690 764 751 847 τὴν
774 771 930 844 στιῐροινς
958 763 1019 826 135
1034 762 1068 822 τὸ
1084 755 1170 843 ὑπὲρ
1186 756 1272 824 αὐτὸ
1287 759 1342 842 (so.
1358 761 1391 822 τὸ

323 867 489 952 ἐπίκρανον)
519 869 613 956 λόφος
635 867 692 953 (so.
715 866 817 951 ἐστίν);
848 868 938 934 1129
962 871 1016 938 τὰς
1045 863 1130 949 ὑπὲρ
1160 869 1198 930 τό
1229 870 1391 952 μέτωπον

325 978 444 1060 τρίχας
476 975 521 1040 IV
546 978 607 1042 130
626 984 688 1039 τοῦ
720 975 892 1054 θεολογεὶοο
925 972 1008 1044 ὄντος
1039 971 1125 1056 ὑπὲρ
1157 976 1217 1058 τὴν
1247 977 1390 1059 σκηνήν.

325 1082 474 1163 Harpoor.
492 1101 515 1150 s.
540 1102 569 1148 ν.
585 1077 760 1168 Ἀρδηττόςι
784 1119 827 1128 --
844 1085 933 1152 τόπος
948 1078 1114 1167 Ἀθήνησιν
1138 1076 1221 1164 όπὲρ
1245 1083 1282 1144 τό
1306 1081 1391 1144 στά-

325 1187 398 1252 διον
428 1190 466 1252 τὸ
489 1187 771 1275 Παναθηναϊκόν
801 1187 875 1273 (non
905 1184 990 1281 ‘siber
1020 1187 1075 1254 des
1105 1187 1232 1254 Stadion
1263 1182 1392 1265 binetus,

326 1297 362 1362 ut
386 1293 639 1362 Waohsmuthius
663 1297 684 1363 l.
709 1296 730 1363 l.
754 1297 770 1360 I
794 1317 824 1379 p.
849 1298 913 1362 238
936 1295 1181 1379 interpretatur).

392 1421 469 1485 quse
493 1421 569 1476 oum
599 1403 643 1470 ita
675 1403 747 1481 sint,
777 1403 846 1486 quis
876 1406 923 1467 est
951 1403 1004 1483 qui
1027 1402 1180 1468 Thomam
1204 1401 1392 1484 Magistrum

326 1531 357 1592 p.
373 1511 437 1576 375
455 1511 493 1574 R.
511 1513 592 1576 recte
607 1510 718 1576 dixisse
734 1514 840 1594 neget:
865 1514 915 1596 τὴν
940 1507 1024 1593 ὑπὲρ
1041 1512 1182 1593 πρόθεσιν
1204 1512 1256 1595 τὴν
1279 1505 1392 1572 ἐπάνω

327 1621 425 1702 σχέσιν
449 1617 596 1703 δηλοῦσαν
627 1620 700 1700 πρὸς
730 1621 845 1704 γενικὴν
868 1614 1038 1704 ἐκφέρουσιν
1060 1613 1198 1692 Ἀττικοὶ,
1217 1614 1394 1703 Ἕλληνες

328 1723 360 1788 δὲ
384 1727 457 1809 πρὸς
480 1721 701 1812 αἰτιατικήνὲ

393 2079 546 2160 Quoniam
577 2081 616 2145 ad
647 2081 740 2147 finem
773 2081 992 2164 disputationis
1023 2083 1235 2164 pervenimus,
1268 2083 1300 2147 in
1331 2101 1394 2147 rem

328 2188 448 2253 videtur
472 2207 536 2254 esse
559 2184 630 2273 ὑπὲρ
661 2190 831 2271 particulae
862 2209 932 2255 cnm
958 2190 1101 2273 genetivo
1125 2193 1156 2254 et
1179 2209 1247 2254 cum
1272 2209 1395 2256 accusa-

327 2295 391 2360 tivo
414 2315 505 2360 nsum
528 2295 559 2359 in
584 2295 760 2362 universum
784 2314 971 2379 comparare.
1014 2297 1182 2364 Pausanias
1205 2297 1283 2364 hanc
1306 2315 1394 2380 prae-

326 2403 510 2485 positionem
542 2404 676 2469 centiens
707 2405 930 2489 quinquagiens
959 2405 1091 2487 septiens
1114 2405 1206 2469 locali
1229 2425 1317 2470 sensu
1340 2406 1395 2470 ad-

328 2509 440 2588 hibuit,
464 2511 489 2574 si
512 2511 595 2577 locos
611 2513 626 2575 l
643 2514 696 2592 30,
720 2514 739 2576 3
756 2511 837 2576 vlu
854 2513 907 2590 37,
924 2515 943 2577 6
961 2511 1006 2576 IX
1022 2516 1053 2592 3,
1071 2515 1101 2585 9,
1125 2531 1201 2595 quos
1226 2513 1395 2579 restituisse

327 2617 403 2682 mihi
427 2617 541 2695 videor,
566 2617 707 2683 addimus
732 2621 763 2684 et
786 2637 891 2697 unum,
916 2619 995 2683 VIII
1017 2621 1047 2697 6,
1064 2620 1095 2699 4,
1121 2638 1179 2702 quo
1197 2615 1269 2702 ὑπὲρ
1285 2619 1394 2701 delevi,

328 2723 545 2791 abstrahimus
582 2745 616 2791 er
639 2727 750 2793 horum
781 2725 917 2794 locorum
948 2745 1074 2792 numero
1100 2727 1141 2792 86
1168 2731 1255 2805 suut,
1286 2726 1395 2810 quibus

326 2831 480 2915 particula
496 2851 567 2898 curn
583 2835 737 2918 genetivo,
763 2837 815 2913 71,
839 2835 949 2920 quibus
965 2855 1035 2900 cum
1055 2834 1230 2900 accusativo
1254 2833 1396 2918 copulata

330 2943 390 3005 est:
415 2942 574 3024 genetivus
597 2942 695 3026 igitur
719 2943 928 3010 accusativum
952 2963 1011 3008 non
1033 2947 1158 3026 superat
1174 2941 1233 3008 nisi
1252 2945 1292 3006 15
1309 2941 1394 3008 locis.

330 3051 369 3114 10
401 3048 477 3114 lo'cis
507 3051 626 3127 motus,
665 3051 727 3118 147
759 3051 836 3117 situs
871 3050 1079 3135 significatum
1115 3051 1200 3115 errius
1230 3049 1273 3115 rei
1305 3068 1397 3114 cansa

328 3157 458 3222 matoria
480 3160 527 3222 est
551 3157 895 3242 ascriptoretractata,
920 3177 996 3240 quae
1012 3175 1155 3241 persaepe
1170 3157 1325 3240 poscebas,
1349 3160 1394 3234 ut,

328 3265 453 3329 ubinam
484 3264 603 3347 positae
634 3285 680 3332 res
710 3269 828 3346 essent,
860 3264 1055 3332 indicaretur.
1092 3283 1127 3330 ex
1150 3264 1198 3331 his
1225 3267 1285 3330 147
1310 3263 1395 3341 locis,

328 3373 439 3454 quibus
462 3371 539 3438 situs
555 3391 657 3438 rerum
675 3373 829 3454 definitur,
854 3377 892 3442 81
916 3373 1103 3460 genetivum,
1128 3375 1169 3439 66
1186 3371 1396 3439 accusativum

328 3479 483 3562 praebent.
527 3481 735 3548 accusativum
767 3486 833 3549 tam
863 3481 1038 3567 frequenter
1067 3480 1205 3547 adhiberi
1233 3499 1267 3546 eo
1297 3480 1396 3564 magis

329 3586 457 3670 dignum
489 3591 536 3654 est
559 3591 678 3668 notatu,
710 3589 791 3673 quod
822 3593 896 3658 haec
926 3591 1081 3657 structura
1106 3588 1186 3672 apud
1211 3585 1396 3671 antiquiores

330 3693 493 3778 scriptores
517 3699 571 3763 aut
594 3715 744 3781 nusquam
769 3699 890 3768 omnino
915 3701 969 3766 crat
993 3697 1147 3764 rarissime
1170 3693 1395 3780 invenitur¹⁶⁹).

403 3903 447 3978 ²⁰⁹)
467 3903 507 3963 Cf.
527 3907 597 3980 quod
618 3909 768 3980 Kruegcrur
795 3911 823 3968 in
847 3911 916 3968 libro
935 3911 1050 3970 ‘Grieon
1071 3907 1251 3982 Sprochlehre‘
1266 3907 1303 3961 ⁶1
1324 3907 1395 3977 568,

330 3995 402 4061 29‚1
423 3995 499 4054 dicit:
528 3997 621 4054 ‘Loket
646 4001 720 4056 steht
746 4017 773 4058 cs
792 4001 879 4076 (ιἰιιόρ)
899 4003 941 4060 oar
961 4003 1010 4058 den
1030 4001 1156 4058 Attikern
1182 4000 1234 4055 mit
1258 3999 1317 4053 dem
1336 3997 1396 4052 Aac.
