3258 4724
768 287 899 358 ..γρ
946 329 988 342 ,,,

341 485 442 554 utitur
465 487 709 576 Pamanim⁹⁰)),
733 490 786 555 sed
809 489 972 558 exteriores
990 491 1141 574 metopae,
1166 508 1243 575 quac
1258 509 1328 558 mum
1343 490 1409 578 sig·

341 595 387 661 nis
411 596 539 661 elevatis
563 599 709 674 carerent,
735 596 841 679 clipeis
865 601 1028 664 exornatae
1051 601 1149 666 arant.
1173 597 1213 664 ci.
1231 597 1317 669 Curt.
1341 600 1406 666 λα

340 702 376 768 Il
399 724 430 788 p.
447 706 500 784 56,
526 703 647 770 Fleseh.
671 699 834 788 ‘Olympia’
857 705 878 768 l.
903 705 982 771 1.ss
1006 723 1035 788 p.
1054 707 1149 776 1102.

407 810 521 889 vlle,
541 814 581 876 13
603 809 752 874 ἀνάκειται
769 811 868 876 δὲκαὶ
884 809 971 883 ἀσπὶς
993 809 1079 896 ὑπὲρ
1103 821 1162 876 rai>
1185 811 1299 879 ἀεπσῖκ
1324 817 1411 879 sum·'

311 973 313 976 ,
341 935 391 982 mo
415 917 542 1001 fastigio
565 938 659 1003 supra
674 918 815 1002 tympani
832 919 948 1002 figuras
964 919 1072 989 elfinus
1088 924 1155 994 erat
1169 919 1285 1003 clipeus
1302 921 1407 988 eadem

341 1025 470 1105 ratione,
487 1045 546 1108 qua
563 1025 875 1093 Lacedaemoniorum
891 1027 1051 1095 donarium
1068 1027 1185 1111 templo
1201 1029 1284 1096 lovis
1300 1028 1408 1113 Olym·

340 1132 392 1215 pii·
406 1131 460 1217 (cl.
478 1133 505 1199 V
524 1135 575 1211 10,
592 1134 637 1218 4).

407 1240 594 1328 Figurarum
621 1234 813 1326 quarundam
841 1241 873 1310 in
902 1241 1022 1308 duabus
1052 1242 1170 1310 tabulis
1192 1262 1212 1308 a
1232 1242 1408 1328 Polygnoto

340 1347 440 1430 pictis
465 1367 541 1432 quae
557 1348 748 1432 Delphorum
766 1346 908 1436 ‘Aecyun’
925 1349 1120 1427 exornabant,
1145 1351 1240 1419 situm
1256 1350 1410 1433 particula

340 1451 411 1540 irrep
435 1476 505 1524 cum
528 1459 629 1542 genet.
654 1457 798 1540 copulata
821 1457 922 1525 tribus
945 1458 994 1524 his
1018 1457 1096 1526 locis
1116 1457 1297 1543 indicat⁹⁷lz

407 1565 433 1629 X
454 1565 545 1643 25,4
569 1560 689 1650 Βρισηῒς
713 1564 745 1626 δὲ
769 1561 885 1626 ἑστῶσα
907 1566 958 1628 καὶ
979 1562 1116 1652 Διομήδη
1139 1587 1170 1627 τε
1193 1561 1279 1649 ὑπὲρ
1301 1561 1408 1652 αὐτῆς

342 1673 393 1734 καὶ
414 1667 493 1758 Ἶρις
522 1673 578 1753 πρὸ
602 1667 772 1758 ἀμφοτέρων
796 1667 923 1735 ἐοίκασιν
952 1668 1206 1764 ἀνασκσπαὺμεναι
1236 1674 1268 1764 τὸ
1287 1668 1409 1758 Ἑλένης

342 1774 429 1847 εἶδος.
447 1797 516 1841 cum
534 1777 657 1854 Briseis,
670 1775 831 1858 Diomede,
848 1778 944 1860 lphis,
957 1780 1065 1864 utpote
1077 1777 1213 1844 Helenae
1224 1777 1408 1864 pulcritudi—

340 1902 409 1949 ncm
422 1883 619 1964 admiranter,
633 1902 701 1950 cum
716 1884 774 1950 hac
791 1887 822 1950 et
834 1884 956 1949 Electra
969 1886 1000 1949 et
1010 1879 1197 1950 Penthalide
1209 1886 1240 1952 et
1253 1886 1408 1977 Dnrybete

339 2009 434 2055 unum
452 1990 646 2076 symplegma
670 1989 814 2068 efficiant,
839 1985 909 2073 irrep
933 1989 1086 2072 particula
1100 1989 1284 2057 Diomedem
1302 1990 1407 2076 paullo

339 2099 527 2181 superiorem
538 2098 675 2163 obtinere
685 2098 786 2163 locum
795 2116 886 2180 quam
899 2097 1068 2162 Briseidem
1080 2097 1251 2182 significat;
1265 2098 1409 2166 similiter

339 2208 367 2272 X
386 2208 438 2286 31,
456 2209 475 2271 3
492 2203 668 2292 Μελέαγρος
691 2206 723 2269 δὲ
739 2243 781 2255 --
798 2202 959 2292 ἀνωτέρω
983 2209 1035 2291 μὲν
1058 2202 1078 2290 ἢ
1095 2201 1110 2268 ὁ
1126 2214 1176 2272 τοῦ
1192 2201 1314 2280 Ὀἰλέως
1331 2204 1408 2278 Αἴας

339 2311 414 2377 ἐστὶν
438 2311 467 2378 ἐν
483 2323 519 2400 τῇ
536 2324 645 2402 γραφη,
670 2313 747 2377 ἔοικε
764 2314 796 2376 δέ
812 2310 914 2398 ὁρῶντι
930 2309 961 2386 ές
977 2317 1025 2377 τὸν
1041 2311 1164 2388 Αἴαντα,
1181 2313 1234 2378 ubi
1251 2312 1408 2397 Meleager

339 2420 477 2488 eiusdem
501 2424 547 2488 est
570 2421 816 2508 symplegmatis,
838 2421 926 2490 ouius
949 2422 1033 2488 Aias.
1057 2421 1097 2486 cf.
1122 2420 1319 2489 Gcblnardtus
1342 2417 1407 2488 ‘Die

339 2529 515 2613 Komposii.
525 2515 583 2594 ¹der
599 2527 746 2596 Gemelde
759 2527 811 2596 des
823 2529 980 2614 Polygnot
995 2527 1027 2594 in
1044 2527 1097 2614 der
1110 2527 1224 2594 Lesche
1236 2549 1262 2599 a.
1275 2523 1407 2614 Delphi’,

340 2636 363 2700 l.
388 2636 410 2704 l.
435 2657 465 2719 p.
486 2639 516 2702 7.

312 2734 315 2742 ’
406 2743 437 2807 Χ
452 2745 505 2823 29,
524 2743 542 2808 7
565 2752 707 2825 γυναικῶν
724 2752 779 2806 τῶν
795 2743 1026 2827 κατειλεγμένων
1042 2731 1218 2820 (Procridis,
1236 2739 1406 2826 Clymenes,

339 2835 500 2936 Megaree)
522 2846 607 2936 ὑπὲρ
626 2861 694 2937 Ιτης
716 2850 878 2937 κεφαλῆς
901 2847 920 2934 ἥ
945 2872 976 2913 τε
995 2848 1179 2936 Σαλμωνέως
1202 2853 1338 2938 θυγάτηρ
1361 2847 1407 2913 έπὶ

339 2961 447 3041 πέτρας
468 2959 658 3046 καθεζομένη
674 2960 724 3020 καὶ
740 2953 882 3044 Ἐριφὺλη
898 2940 1071 3044 παρ”αάπην
1087 2950 1162 3020 ἐστιν
1177 2953 1302 3020 ἑστῶσα.
1326 2955 1407 3043 peri-

340 3067 431 3148 egeta
447 3067 608 3147 postquam
625 3059 737 3131 verbis
748 3059 804 3126 ἀπὸ
829 3063 861 3126 δὲ
881 3066 932 3151 τὴν
949 3059 1085 3148 Φαίδραν
1102 3059 1174 3128 ἐστιν
1191 3062 1407 3152 ἀνακεκλιμένη

340 3171 459 3257 Χλῶρις
483 3168 529 3234 ἐπὶ
552 3181 606 3258 της
629 3171 722 3244 Θυίας
744 3175 859 3251 γόνασιν
884 3170 951 3260 (29,
969 3173 1003 3261 5)
1030 3171 1062 3236 in
1084 3171 1258 3241 inferiorem
1282 3164 1408 3239 tabulae

341 3282 462 3364 partem
471 3281 682 3362 transgressus
690 3277 881 3357 Procridem,
894 3275 1070 3362 Clymenen,
1082 3278 1245 3362 Megaram
1258 3279 1289 3344 in
1302 3279 1407 3346 eadem

339 3385 420 3451 linea
437 3386 597 3471 descripsit
613 3385 682 3473 (29,
700 3386 719 3450 6
736 3385 805 3470 sq.),
823 3405 928 3452 rursus
944 3385 1048 3452 oculos
1064 3385 1217 3452 convertit
1237 3387 1277 3452 ad
1292 3385 1407 3469 superi-

340 3513 406 3560 ores
430 3492 555 3558 tabulae
583 3493 715 3578 figuras:
747 3491 883 3577 primum
912 3491 1035 3575 quidem
1062 3492 1101 3559 ad
1125 3488 1222 3578 Tyro,
1253 3489 1407 3561 Salmonei

339 3599 449 3679 filiam,
473 3604 504 3668 et
522 3601 702 3686 Eriphylen,
727 3621 804 3684 quae
827 3621 921 3685 supra
944 3604 1036 3685 caput
1059 3601 1223 3681 Procridis,
1248 3587 1407 3687 Clymenes

413 3778 449 3846 98)
467 3777 508 3834 cf.
521 3779 546 3833 X
560 3779 628 3844 19,4
642 3775 709 3831 ὅπλα
724 3777 751 3830 δὲ
764 3777 866 3831 ἐπὶτῶν
880 3776 1088 3832 ἐπιστυλίων
1100 3778 1407 3852 χρωσᾶ,Ἀθηναῐσιμέν

340 3869 387 3929 τὰς
402 3865 513 3929 ἀσπίδας
526 3901 552 3910 -
566 3866 701 3930 ἀνέθεσαν,
715 3864 830 3919 Αἰτωλοὶ
840 3865 869 3918 δὲ
881 3866 913 3919 τά
925 3887 952 3920 τε
966 3865 1060 3919 ὄπισθε
1072 3868 1115 3919 καλ
1126 3865 1150 3920 ἓν
1161 3867 1284 3940 ἀριστερᾷ
1294 3901 1319 3912 -
1329 3866 1406 3921 ὅπλα.

411 3955 447 4025 ⁹⁷)
467 3954 562 4012 Confer
578 3973 646 4026 qnae
658 3956 729 4012 inira
748 3974 773 4026 p.
787 3958 821 4012 57
841 3955 874 4011 de
893 3957 1015 4012 universa
1028 3957 1175 4012 Pausaniae
1187 3957 1214 4012 in
1228 3956 1406 4013 describendis

339 4045 382 4098 his
401 4043 501 4099 tabulis
520 4044 626 4100 ratione
645 4044 783 4099 disseram.
