3258 4724
665 240 887 300 ..55-

240 435 357 514 τὲρενός
391 427 476 494 ἐστιν.
513 430 697 496 Pausaniam
730 451 764 497 en
796 431 960 498 Castorum
992 451 1077 498 sacro
1110 432 1148 498 ad
1178 432 1310 517 Aglauri

241 537 438 602 escendere
466 537 536 602 inde
561 538 772 622 intellegitur,
804 539 902 621 quod,
931 541 1092 622 postquam
1122 542 1308 624 prytaneum

242 643 394 728 Aglaurio
412 644 589 709 finitumum
607 645 767 728 spectavit,
789 645 819 711 in
841 645 999 713 inferiores
1018 646 1104 712 urbis
1123 649 1226 729 partos
1247 647 1310 712 de·

241 751 390 816 scandit
414 751 455 834 (1.
473 752 526 835 §4
552 749 789 817 Anastasianas
813 749 845 825 ἐς
861 757 896 817 τὰ
918 757 1020 817 κάτω
1042 763 1095 840 τῆς
1115 751 1255 839 πόλεως).
1280 756 1311 817 et

241 860 396 924 testamur
417 858 470 924 alii
494 877 616 946 quoque¹
635 859 800 942 scriptores
823 860 980 926 Anaoeum
1004 878 1064 926 non
1079 861 1186 942 prooul
1209 861 1309 948 niori

241 965 438 1030 Atheniensis
450 965 557 1044 latere,
575 966 654 1048 quod
670 967 749 1033 inter
762 967 921 1032 meridiem
936 970 968 1034 et
983 968 1131 1034 orientem
1148 968 1308 1053 vergebat,

231 1059 296 1138 vanub
313 1070 392 1137 areis
416 1072 608 1138 Athenarum
634 1073 798 1151 radicibus,
823 1073 1008 1159 Aglaurlum
1032 1077 1136 1140 autem
1153 1074 1210 1140 sub
1233 1075 1308 1156 ipsis

240 1179 367 1262 rupibus
391 1180 495 1246 arduis
518 1199 578 1245 non
601 1181 709 1264 proenl
724 1200 743 1245 a.
759 1181 918 1264 superfioie
941 1183 1019 1248 arnis
1034 1181 1137 1248 luisse.
1161 1181 1200 1246 of.
1218 1183 1307 1248 Burs.
1361 1255 1363 1259 ,

239 1288 262 1352 l.
286 1286 309 1350 l.
333 1286 348 1350 Ι
372 1305 401 1368 p.
420 1289 483 1352 294
500 1307 560 1370 σα,
586 1288 798 1356 Waohsmuth.
823 1290 843 1354 l.
867 1290 889 1353 l.
914 1289 928 1353 1
951 1309 981 1372 p.
999 1291 1064 1357 219
1080 1309 1161 1373 sqq.‚
1190 1289 1309 1356 Milolr-

239 1391 381 1458 hoalerus
409 1389 530 1460 ‘Athen’
554 1394 576 1458 l.
602 1395 622 1460 l.
647 1397 662 1458 Ι
686 1416 717 1477 p.
737 1397 796 1462 171
815 1414 877 1477 sap,
907 1395 1080 1480 lrollingins
1107 1392 1251 1480 εΤορορι.
1276 1417 1305 1462 ν.

239 1495 351 1564 Athon'
374 1500 441 1567 1.·1.
467 1500 513 1565 111
537 1519 567 1582 p.
585 1502 660 1566 320.

304 1607 349 1670 ΙΙΙ
368 1609 451 1686 11,7
476 1603 560 1690 ὑπὲρ
576 1608 610 1670 δὲ
624 1611 681 1673 τὸν
698 1607 972 1696 Σωφρονιστῆρα
987 1609 1093 1674 λίθον
1113 1612 1215 1695 βωμός
1231 1606 1305 1674 ἐστιν

238 1709 430 1784 Ἀπόλλωνος
444 1710 595 1801 ἐπίκλησιν
613 1713 752 1780 Σποδίοοε
775 1712 877 1800 ‘supra
899 1716 1034 1798 lapidem
1051 1713 1306 1799 Sophronistara’,

239 1821 260 1884 i.
284 1839 309 1885 ο.
334 1820 365 1885 11
390 1820 559 1886 declivibus
583 1823 723 1904 partibus
739 1823 827 1888 collis
842 1823 1029 1890 occidentem
1047 1842 1153 1890 versus
1169 1843 1187 1888 a
1201 1817 1307 1892 Sanoti

239 1927 361 1993 Nicolai
387 1928 460 1992 aedo
477 1929 667 2012 assurgentis
690 1927 740 1995 vel
762 1930 793 1994 in
810 1949 930 1996 summo
947 1931 1046 2008 eolles
1064 1950 1134 1998 narn
1151 1930 1307 2014 Apollinis

240 2033 346 2116 Spodii
363 2053 449 2100 aram
465 2029 683 2119 or'eoulumqne
697 2037 866 2104 Pausanias
882 2037 957 2116 adit,
981 2039 1143 2120 postquam
1160 2039 1303 2104 Herculis

239 2141 400 2206 delubrum
425 2141 503 2206 eitra
526 2142 614 2208 illum
640 2143 748 2210 oollam
772 2145 838 2210 looo
863 2145 994 2211 demisso
1018 2145 1129 2228 situm,
1158 2145 1205 2214 oui
1234 2165 1304 2210 eum

238 2249 299 2312 alia
322 2250 592 2314 monumentatum
614 2249 846 2332 Sophronisteru
878 2252 1008 2318 attribui
1030 2271 1150 2318 neeesse
1173 2261 1233 2331 est'
1258 2271 1306 2317 re·

237 2355 329 2438 liquit
362 2357 393 2422 et
423 2358 587 2438 antequam
618 2356 656 2422 ad
680 2357 839 2424 Minervae
869 2357 969 2424 Onoae
999 2377 1084 2424 arem
1115 2362 1146 2425 et
1175 2358 1304 2426 simuln-

237 2481 334 2541 erum,
362 2481 438 2544 qrrao
461 2465 532 2530 aute
551 2466 657 2545 portas
673 2463 810 2548 Ogygias
833 2467 919 2532 trans
943 2465 1051 2532 nollem
1068 2465 1208 2549 ponenda
1223 2467 1305 2546 sunt,

238 2623 450 2632 —u—-o--o—--a-

237 2725 339 2796 διαβᾶσι
355 2729 397 2779 τὸν
411 2725 533 2779 Ἀσωπὸν
547 2727 612 2780 ἐστιν
627 2725 726 2791 ἄλσος
740 2726 834 2800 ττρὶνων
854 2730 906 2780 καὶ
926 2731 1000 2792 ναὸς
1019 2730 1098 2797 θεῶν,
1113 2727 1144 2792 ἃς
1157 2727 1306 2802 Ἀθηναῖοι

237 2815 336 2886 Σεμνὰς
358 2847 390 2854 -
410 2813 582 2886 ὀνομάζουσις
610 2817 638 2870 II
661 2821 730 2882 13‚3
755 2816 806 2870 ἔστι
829 2821 879 2889 γὰρ
903 2819 929 2869 ἐν
955 2825 987 2888 sp
1007 2817 1145 2870 Φλιασίων
1165 2818 1306 2891 ἀκροπόλει

237 2904 403 2976 κυπαρίσσων
423 2904 523 2968 ἄλσος
542 2908 595 2958 καὶ
613 2907 696 2975 ἱερὸν
716 2905 858 2977 ἁγιώτατον
872 2906 899 2958 ἐκ
913 2904 1040 2973 τταλατοῦς
1059 2907 1099 2962 lx
1119 2909 1191 2974 24‚4
1210 2906 1306 2959 Ἀπόλ-

237 2993 324 3056 λωνός
345 2995 412 3048 ἐστιν
426 2994 544 3048 ἐνταῦθα
563 2996 637 3058 ναός
656 3015 686 3047 τε
706 2996 757 3048 καὶ
778 2993 890 3065 ἄλοοςς
910 2996 975 3054 ibid.
990 3003 1098 3067 νυμφῶν
1118 2994 1145 3048 δὲ
1164 2995 1249 3068 ἱερὸν
1267 2996 1307 3050 ἐπὶ

237 3090 269 3154 τῇ
282 3090 358 3156 πηγῇ
378 3085 431 3136 καὶ
450 3082 560 3148 ἄλσος
581 3083 610 3138 οὐ
630 3085 697 3156 μέγα
710 3084 788 3150 turim
808 3085 838 3139 ΙΙ
860 3087 902 3152 13,
915 3088 930 3138 5
950 3084 975 3136 ἐν
989 3083 1016 3138 δὲ
1030 3083 1101 3155 αὐτῷ
1114 3085 1162 3157 (so.
1175 3084 1305 3157 περιβόλῳ

238 3172 300 3242 ἐστὶ)
321 3174 400 3236 ναός
420 3194 451 3226 τε
471 3176 525 3226 καὶ
544 3172 678 3246 ἄγαλμα
696 3175 839 3248 Δήμητρος
857 3175 902 3226 καὶ
922 3181 969 3246 τῆς
989 3173 1095 3242 παιδόςς
1119 3175 1147 3230 11
1166 3177 1222 3240 ab
1242 3173 1306 3227 ἔστιν

236 3260 295 3315 ἰδεῖν
314 3294 348 3301 -
369 3265 447 3326 ναὸς
466 3264 517 3316 καὶ
537 3262 673 3335 ἄγαλμα
691 3262 808 3336 χαλκοῦν
820 3261 1007 3330 Ἀτολλωνοςς
1027 3264 1057 3318 II
1080 3266 1119 3332 13,
1133 3268 1148 3320 5
1162 3264 1306 3336 Δήμητρός

237 3351 301 3404 ἐστιν
316 3350 402 3423 ἱερὸν
421 3353 474 3405 καὶ
491 3353 636 3424 καθήμενα
655 3352 826 3424 ἀγάλματα
839 3351 940 3426 ἀρχαῖα
946 3377 952 3420 ;
972 3357 1034 3412 cett.
1057 3357 1149 3420 restat,
1163 3357 1194 3408 ut
1206 3354 1238 3408 de
1251 3355 1307 3409 loeo

237 3443 259 3496 V
277 3443 332 3506 'ab
353 3442 453 3498 dicam:
478 3443 640 3514 κατοικήσας
659 3441 686 3495 δὲ
706 3442 730 3494 ἐν
743 3441 894 3496 Σκιλλοῦντι
912 3443 1017 3513 τέμενός
1040 3463 1066 3496 τε
1092 3444 1156 3514 [καὶ]
1177 3442 1243 3515 ἱερὸν
1263 3444 1308 3495 καὶ

236 3533 297 3582 ναὸν
310 3529 445 3601 Ἀρτέμιδι
464 3529 654 3604 ᾠκοδομήσατο
669 3531 786 3604 Ἐφεσίᾳ,
805 3533 850 3588 ubi
863 3533 971 3602 τέμενος
991 3531 1058 3604 ἱερὸν
1076 3534 1156 3588 verba
1168 3533 1307 3596 coniuncte

235 3620 371 3684 labamus,
385 3620 407 3674 si
419 3620 527 3690 (puidam
537 3622 713 3676 Sohnbartnm
721 3625 791 3676 reete
799 3621 929 3677 traditum
939 3621 984 3674 καί
993 3622 1120 3678 delevisse
1131 3622 1306 3686 oonoodimns·

236 3708 354 3766 ondionm
373 3709 511 3765 lectionum
533 3713 683 3781 corruptam
703 3728 760 3766 ease
778 3711 950 3768 manifestum
964 3715 1019 3780 ast;
1037 3711 1082 3776 sod
1095 3715 1201 3768 tantum
1221 3711 1304 3776 abest,

235 3803 266 3854 nt
285 3799 428 3855 Schuberti
447 3800 612 3856 coniecturae
630 3801 840 3871 adstipulamur,
865 3803 896 3856 ut
915 3801 1054 3872 Sylbnrgii
1077 3801 1165 3871 potins
1185 3800 1304 3856 emenda·

235 3889 334 3964 tionem
354 3889 458 3960 τέμενος
478 3907 505 3941 τε
519 3890 670 3960 καθιέρωσε
691 3890 734 3942 καὶ
754 3892 816 3942 ναὸν
837 3917 866 3926 -
889 3889 1080 3962 ᾠκοδομήσατο
1104 3907 1162 3952 culn
1183 3889 1305 3946 Cleviero

235 3978 412 4046 recipiendam
433 3979 568 4033 ducamus,

1092 4089 1107 4143 5
