3258 4724
639 357 858 418 „59-

214 551 266 628 26,
284 551 304 612 4
328 546 536 634 Νεοπτόλεμον
558 549 590 611 δὲ
606 553 692 634 μόνον
708 558 758 612 τοῦ
774 545 948 634 Ἑλληνικοῦ
972 550 1130 636 poenosa
1153 546 1194 611 ἔτι
1210 549 1278 619 τοὺς

213 652 320 738 Τρῶας
342 651 477 741 ἐποίησεν
492 651 507 718 ὁ
524 653 727 736 Πολάγνωτος,
751 653 794 718 ὅτι
815 652 901 737 ὑπὲρ
924 665 974 718 τοῦ
990 653 1201 740 Νεοπτολέμου
1221 658 1279 718 τὸν

213 765 323 850 τάφον
346 759 365 849 ἡ
389 767 489 850 γραφὴ
512 771 594 826 πᾶσα
617 761 738 849 ἔμελλεν
762 759 840 847 merop
863 750 1059 849 γενήσεσθαιι
1091 763 1122 827 in
1150 766 1280 844 utreque

214 870 280 934 loeo
304 868 382 936 situs
398 869 532 936 Lesehae
548 869 717 953 Delphicae
740 871 799 947 vel,
825 869 904 952 quod
925 870 1005 934 idem
1021 872 1078 946 est,
1103 870 1280 935 tabularum

212 977 245 1040 in
268 969 326 1040 hoe
353 975 491 1041 aedificio
522 976 739 1059 ePolygnoto
770 976 922 1058 pictorum
952 976 1177 1058 praepositione
1207 971 1279 1060 ὑπὲρ

214 1075 284 1146 oum
308 1099 369 1146 aee.
395 1100 469 1146 nexa
494 1081 678 1148 describitur
688 1081 753 1167 ¹⁶³).
778 1101 838 1164 qua
860 1082 982 1164 quidem
1004 1085 1159 1147 notionem
1184 1078 1281 1148 ‘ober-

215 1185 298 1253 halb’
320 1189 470 1253 eontineri
494 1207 564 1252 eum
587 1192 699 1253 nature
723 1189 801 1254 sueri
825 1188 954 1271 periboli
978 1189 1031 1269 qui
1054 1188 1168 1254 dieitur
1185 1188 1281 1270 Apol-

214 1294 359 1380 linis¹⁵*)‚
384 1298 453 1358 tum
476 1293 567 1372 ratio,
592 1313 652 1377 qua
673 1296 789 1377 templo
805 1295 958 1377 Apollinis
980 1298 1139 1378 eonspeoto
1164 1299 1281 1359 ceterae

215 1421 262 1467 res
286 1420 303 1465 a
327 1400 483 1485 periegela
505 1402 747 1484 perlustrantur,
781 1403 900 1483 probat.
933 1422 949 1466 e
979 1403 1096 1484 templo
1120 1402 1201 1466 enim
1224 1403 1282 1466 hoe

219 1527 359 1592 egressus
391 1509 430 1572 ad
453 1508 574 1572 laevom
598 1508 762 1574 defleotens
785 1509 983 1590 Neoptolemi
1007 1508 1188 1590 sepulerum
1214 1507 1282 1572 adit

216 1615 323 1680 deinde
339 1614 483 1686 ,aseendit
499 1615 537 1678 ad
553 1615 679 1679 Saturni
701 1613 836 1697 lapidem
847 1613 913 1700 ¹⁶⁶),
938 1618 1006 1678 tum
1026 1635 1130 1680 rursus
1146 1614 1186 1679 ad
1201 1617 1281 1680 tem·

215 1722 301 1805 plum
325 1741 430 1786 versus
449 1715 621 1806 'degressus
632 1721 684 1806 168)
716 1723 830 1787 iterum
860 1722 998 1786 aseendit
1030 1723 1067 1788 ad
1091 1721 1282 1787 Cassotidem

214 1828 411 1913 fontem¹⁵⁷);
435 1823 506 1911 ὑπὲρ
525 1832 577 1913 τὴν
593 1825 768 1891 Κασσοτίδα
790 1830 895 1894 autern
911 1829 1043 1894 Lesolren
1068 1831 1197 1911 speotet,
1222 1846 1283 1910 que

216 1939 355 2019 spectata
387 1937 544 2001 theatrum
575 1935 748 2001 admiratur
776 1939 808 2000 et
839 1934 946 2000 relieto
971 1936 1123 2019 Apollinis
1145 1935 1282 2017 peribolo

217 2043 354 2125 pervenit
369 2043 408 2107 ad
421 2042 554 2108 stadium
571 2042 725 2124 superiore
736 2043 804 2106 loeo
821 2041 993 2128 situm¹l⁸);
1011 2042 1138 2124 denique
1154 2062 1179 2108 e.
1194 2045 1248 2123 32,
1263 2046 1282 2107 2

217 2170 371 2215 summum
393 2149 425 2213 in
448 2150 618 2214 Parnasum
642 2169 673 2214 se
697 2149 824 2216 confert.
849 2147 926 2231 ergo
941 2150 979 2214 ab
995 2149 1138 2214 inferiore
1161 2151 1227 2214 loeo
1244 2150 1283 2214 ed

218 2258 404 2342 superiorem
420 2257 545 2340 migret.
561 2251 624 2321 iam
641 2275 711 2321 vero
728 2257 800 2339 quid
812 2257 1008 2338 praepositio,
1026 2257 1062 2321 de
1078 2275 1138 2339 qua
1150 2259 1282 2341 agimus,

221 2366 338 2431 duobus
354 2366 402 2432 his
418 2365 492 2430 lueis
508 2363 683 2448 significare
698 2368 800 2446 petest
816 2364 874 2428 nisi
890 2360 1075 2428 ‘eberhalb'i
1099 2366 1180 2428 eerte
1199 2365 1283 2430 notio

217 2469 360 2557 ‘jeuseits’
391 2473 479 2553 plene
509 2491 589 2554 vaga
612 2475 707 2549 esset,
746 2471 891 2554 quoniam
924 2471 1020 2536 altero
1053 2471 1120 2534 loeo
1153 2470 1284 2552 scriptor

219 2579 305 2645 nobis
318 2579 467 2660 explicere
480 2578 594 2655 studet,
611 2599 671 2660 qua
683 2578 719 2643 de
732 2598 821 2644 causa
834 2577 1027 2662 Polygnotus
1038 2595 1134 2641 unum
1147 2577 1283 2644 omnium

220 2685 408 2752 Graecorum
432 2685 670 2769 Neoptolemum
693 2685 841 2750 Troianos
865 2686 960 2750 etiam
983 2684 1189 2751 trucidantem
1215 2685 1284 2768 pin-

221 2795 310 2860 xerit.
333 2811 524 2875 requerere,
541 2813 611 2858 eum
624 2795 697 2857 haee
709 2794 802 2858 uerba
818 2786 903 2869 lacit,
920 2794 1004 2858 ultra
1019 2794 1194 2875 sepulerum
1210 2792 1284 2869 eius,

219 2902 270 2967 sed
300 2902 403 2984 polius
427 2901 506 2965 eitra
537 2903 600 2978 est,
632 2901 743 2982 quippe
774 2901 825 2981 qui
856 2900 887 2962 in
911 2899 977 2982 ipsa
1000 2899 1113 2964 Lesohe
1137 2905 1284 2966 versetur.

219 3037 431 3046 ——0—-0-

185 3112 187 3118 ·
292 3096 335 3165 158λ
355 3097 425 3152 Mira
443 3099 483 3150 est
501 3096 579 3160 ratio,
602 3113 654 3165 qua
672 3095 823 3166 Welokerus
847 3096 932 3150 locum
951 3095 976 3148 Χ
996 3095 1070 3160 26,4
1089 3094 1231 3163 explicavit
1250 3095 1285 3164 (v.

220 3203 298 3256 supro
316 3203 341 3256 p.
356 3184 397 3256 2);
417 3185 449 3242 de
467 3186 518 3241 loei
538 3185 692 3241 definitione
710 3186 766 3242 sola
784 3187 830 3254 agi
847 3187 901 3240 iam
915 3184 1079 3240 Sohubartus
1093 3183 1285 3238 demonstravit

220 3275 358 3345 (Zeitsehr.
377 3275 396 3329 f.
416 3274 441 3330 d.
461 3276 679 3333 Alterturnsuiss.
701 3275 768 3329 1855
786 3292 812 3344 p.
826 3275 890 3343 4123
911 3274 1039 3330 cleliam
1059 3275 1217 3344 apparatum
1237 3272 1286 3328 eri·

219 3367 303 3420 ticum
322 3365 433 3420 editioni
452 3365 509 3420 eius
528 3365 722 3435 praemissum).

293 3455 336 3522 ¹⁵⁴)
358 3454 398 3510 Cf.
417 3455 441 3508 X
461 3455 514 3520 9‚l
536 3452 649 3525 Δελφοῖς
669 3451 696 3504 δὲ
709 3452 729 3524 ‘q
743 3451 817 3515 πόλις
838 3451 970 3515 ἄναντες
991 3451 1032 3504 διὰ
1046 3453 1134 3523 πάσης
1148 3452 1287 3522 παρέχεται

156 3603 157 3606 ¹
221 3550 321 3615 σχῆμα·
342 3547 410 3596 ποτά
429 3547 462 3596 τά
481 3542 548 3596 ποτά
568 3542 595 3594 δὲ
613 3549 645 3612 τῇ
666 3541 739 3594 πάλιι
757 3549 789 3611 τῇ
810 3541 882 3613 ἄλλῃ
902 3543 945 3593 καὶ
964 3543 977 3594 ὁ
997 3541 1066 3613 ἱερὸς
1086 3539 1222 3612 περίβολος
1241 3548 1286 3592 τοῦ

221 3631 405 3695 ’Λπόλλωνος
426 3625 502 3696 οὗτος
522 3631 549 3684 δὲ
568 3633 673 3703 μεγέθει
693 3632 772 3703 μέγας
791 3633 834 3684 aeri
853 3631 1005 3684 ἀνωτάτω
1025 3638 1069 3684 τοῦ
1090 3629 1190 3693 tereto
1209 3629 1269 3684 ἐστι.

294 3722 341 3790 ¹⁶⁶)
362 3721 401 3777 Cf.
422 3723 446 3778 X
465 3723 537 3788 24,ss
557 3721 709 3790 ἑπανᾳβάντι
729 3720 756 3772 δὲ
776 3722 826 3774 ἀπὸ
846 3727 890 3773 τοῦ
912 3721 1057 3793 μνήματος.

295 3811 341 3878 ¹⁵⁶)
362 3810 401 3865 Cf.
417 3813 432 3878 ἓ
448 3816 462 3866 7
476 3810 544 3863 ἰοῦσι
558 3809 585 3862 δὲ
600 3811 636 3873 ὡς
650 3811 689 3862 ἐπὶ
702 3813 744 3862 τὀν
758 3811 817 3862 ναὸν
837 3805 916 3872 αὖθις
930 3811 996 3880 μετὰ
1009 3817 1053 3862 τοῦ
1064 3808 1141 3861 λίθου
1154 3807 1202 3879 τὴν
1213 3809 1286 3861 esar.

295 3898 340 3968 ¹⁶²)
359 3899 399 3956 Cf.
418 3900 485 3955 ibid.
504 3899 524 3972 ἡ
545 3898 638 3961 ἄνοδος
658 3899 696 3951 ἐπὶ
715 3901 762 3972 τὴν
782 3900 878 3972 πηγήν.

295 3987 341 4059 ¹⁶⁸)
360 3988 401 4044 Cf.
421 4007 441 4044 e.
462 3991 504 4055 32,
520 3991 530 4043 i
555 3988 714 4058 ἐπαναβάντι
732 3988 759 4040 δὲ
780 3989 808 4041 ἐκ
826 3996 872 4040 τοῦ
893 3987 1030 4060 περιβάλοι)
1045 3992 1121 4054 cett.;
1141 3986 1241 4040 στάδιον
1254 4017 1289 4026 -

224 4078 350 4131 ἀνωτάτω
370 4086 418 4149 τῆς
439 4077 550 4141 πόλεως.
1071 4073 1074 4080 ’
