3258 4724
637 313 862 380 „23-

213 509 382 578 Pausauiue
398 509 456 593 ipsi
473 510 669 578 attribuenda
685 514 752 578 esti
777 512 828 578 sed
843 513 920 579 haee
941 512 1124 598 singillatim
1140 513 1279 597 persequi

212 617 342 702 longum
365 620 422 684 est.

279 727 410 794 Restant
432 728 570 812 exempla
593 728 683 794 haee:

228 843 230 850 '
279 835 326 900 IX
343 837 432 915 23‚2
455 832 473 898 ὁ
497 839 548 920 μὲν
570 835 607 922 δὴ
628 833 671 908 ὡς
686 833 748 920 εἶχε
763 836 969 901 κατακλίνεται
990 837 1088 922 βραχὺ
1111 832 1195 920 ὑπὲρ
1219 846 1279 923 τῆς

212 939 308 1006 ὁδου.
335 937 393 1008 ‘ein
409 942 510 1027 uenig
524 943 600 1008 uber
614 943 682 1008 dem
700 944 797 1027 Wege
820 940 955 1021 ornnes,
980 962 1039 1010 non
1062 944 1153 1027 longe
1177 963 1195 1009 a
1218 944 1278 1011 uia.

278 1051 326 1118 IX
350 1053 379 1128 3,
404 1054 425 1118 b
454 1047 538 1135 ὑπὲρ
561 1051 594 1116 δὲ
617 1062 678 1139 τῆς
701 1062 888 1140 κορυφῆς,
920 1049 1002 1140 ἐρ’γῆ
1025 1055 1073 1116 τάν
1093 1055 1191 1138 βωμὸν
1214 1073 1280 1117 ποι-

212 1165 325 1233 οῦνται,
360 1163 441 1224 πέντε
470 1179 526 1224 που
556 1161 683 1244 μάλιστα
712 1163 763 1224 καί
793 1160 867 1224 δέκα
898 1156 1113 1244 ὑποκαταβάντι
1145 1155 1281 1231 σταδίους

211 1275 330 1352 νυμιρων
360 1262 435 1330 ἐστίν
462 1263 565 1351 ἄντρον
594 1265 833 1350 Κιθαιρωνίδων,
859 1266 1032 1355 Σφραγίδιον
1060 1270 1112 1352 μὲν
1135 1263 1280 1351 ὀνομαζό-

211 1393 306 1457 μενον.
353 1373 397 1440 sio
423 1373 455 1438 in
484 1373 639 1440 codicibus
672 1373 825 1440 traditum
859 1377 890 1439 et
922 1375 961 1439 ab
985 1374 1136 1439 Amasaeo
1160 1393 1279 1457 quoque

211 1478 326 1548 lactum
351 1463 406 1551 est.
441 1499 539 1564 neque
563 1482 644 1546 reste
667 1481 804 1548 iecerunt
823 1481 998 1548 Dindorlius
1021 1483 1053 1546 et
1074 1479 1276 1558 Sohubartus

212 1585 293 1669 quod
316 1586 522 1653 oonieoturam
537 1587 670 1654 Rolkeri
692 1583 761 1651 άπὸ
777 1598 831 1675 τῆς
846 1598 980 1676 κορυφῆς
995 1588 1025 1653 in
1043 1586 1181 1654 ordinem
1196 1606 1278 1652 reos-

211 1696 332 1776 perunt.
368 1693 443 1760 bueo
466 1693 548 1760 enim
570 1689 626 1758 ὑπό
649 1695 884 1781 praepositionis
907 1714 976 1760 cum
1001 1713 1070 1780 gen.
1086 1694 1279 1777 usurpandae

211 1801 291 1867 ratIo
314 1799 345 1866 in
360 1800 515 1867 Pausania
537 1800 587 1866 vix
602 1800 726 1867 videtur
748 1801 872 1895 ferenda
895 1801 1019 1888 esse⁴⁸t
1059 1801 1152 1867 verba
1175 1804 1279 1867 autem

283 2012 317 2082 ⁴⁸)
337 2010 401 2066 Ὗπί
421 2029 480 2068 oum
499 2027 559 2084 gen.
579 2013 658 2070 locali
677 2029 754 2068 seusu
773 2030 789 2067 a
807 2013 936 2085 scriptore
954 2016 1082 2084 quattuor
1094 2015 1202 2070 tautum
1214 2013 1279 2072 loeis

213 2103 283 2168 138,
300 2104 312 2156 1
331 2102 362 2157 lI
375 2102 449 2170 24,4
466 2101 606 2170 v11a11
626 2102 696 2158 VIII
710 2103 752 2168 37,
767 2104 782 2156 6
807 2103 979 2158 coniunctum
1001 2103 1142 2172 reperitur,
1168 2119 1279 2172 quorum

213 2192 283 2256 138,
299 2195 311 2246 1
326 2194 354 2248 et
367 2191 396 2248 II
409 2192 452 2257 24,
465 2192 482 2246 4
496 2191 569 2246 omni
582 2191 751 2247 dubitatione
765 2195 864 2258 carent,
877 2209 936 2247 oum
947 2192 1045 2246 locutio
1056 2189 1105 2244 ὑπὸ
1115 2197 1166 2264 γῆς
1179 2193 1279 2246 usitata

216 2281 261 2336 sib.
279 2281 322 2336 sed
341 2281 480 2352 quonism,
506 2281 619 2351 exceptis
638 2280 818 2335 locutionibus
844 2279 893 2332 ὑπὸ
913 2288 964 2352 γης
984 2281 1027 2349 (of.
1045 2281 1074 2336 Il.
1093 2279 1200 2334 Krebsii
1220 2279 1280 2334 ‘Dio

218 2369 343 2440 Prdposit.
360 2370 387 2425 b.
405 2368 507 2441 Polyb?
526 2371 554 2424 in
572 2371 609 2425 M.
626 2369 750 2425 Sohanzii
767 2368 905 2438 ‘Bettrdgo
921 2388 943 2424 z.
962 2369 1026 2424 hist.
1045 2369 1119 2439 Synt.
1133 2367 1159 2424 d.
1176 2369 1278 2438 grieob.

218 2457 284 2529 Spr.³
304 2459 314 2514 1
331 2477 356 2530 p.
370 2457 417 2530 47)
440 2463 468 2515 ot
487 2458 537 2512 ὑπὸ
557 2457 648 2531 μάλης
671 2460 752 2528 (Xon.
769 2459 839 2513 Hell.
858 2458 888 2512 II
906 2459 936 2524 3,
958 2459 1005 2524 23,
1025 2459 1086 2528 Lys.
1104 2457 1156 2527 lrg.
1175 2457 1221 2523 54;
1246 2457 1279 2512 cf.

214 2548 245 2604 L.
257 2549 346 2604 Lutaii
363 2547 423 2604 ‘Die
439 2549 517 2620 Prbp.
535 2549 560 2606 b.
578 2549 604 2603 d.
622 2550 673 2604 att.
690 2547 784 2604 Redn?
804 2549 900 2620 Gymu.
918 2549 997 2617 Prog.
1017 2547 1152 2602 Neustadt
1167 2564 1191 2602 a.
1205 2546 1231 2602 d.
1245 2547 1278 2602 Η.

215 2636 281 2692 1887
290 2655 316 2708 p.
326 2638 397 2708 178),
409 2636 456 2690 bad
467 2655 528 2694 eum
538 2654 598 2708 gen.
608 2637 751 2694 admodum
765 2654 824 2692 raro
841 2639 984 2708 usurpatur
999 2637 1027 2692 iu
1037 2652 1155 2692 sermone
1164 2636 1279 2706 pedestri

213 2725 247 2792 (r.
259 2727 293 2781 K.
301 2723 342 2785 W.
356 2727 486 2797 Kruegeri
499 2724 614 2782 tGrieoh.
628 2725 826 2796 Spraeblehre'5
843 2725 857 2780 l
876 2728 891 2796 β
906 2727 948 2791 68,
963 2727 997 2784 48
1010 2725 1071 2780 adn.
1088 2726 1121 2794 1),
1140 2725 1211 2786 locos
1224 2725 1279 2778 VII

212 2815 238 2878 2,
253 2818 283 2870 11
300 2815 490 2881 eubuleus
509 2814 679 2872 coniectando
699 2815 826 2885 corrigere
839 2815 970 2871 eominus
985 2815 1087 2878 dubito,
1105 2830 1160 2885 quo
1173 2815 1280 2869 facilius

212 2903 241 2958 iil
258 2905 315 2961 fieri
328 2907 424 2975 potest.
437 2905 529 2975 itaqua
537 2905 591 2960 vll
605 2905 630 2970 2,
644 2905 673 2959 11
688 2921 734 2974 pro
744 2902 913 2975 Ἀταρνείτας
931 2934 967 2943 -
985 2905 1046 2964 τοὺς
1061 2903 1109 2955 ὑπὸ
1123 2901 1278 2975 Περγάμου

211 2993 299 3050 scribo
328 2993 377 3048 ὑπὸ
408 2992 551 3066 Περγάμῳ
580 2994 624 3063 (ei.
648 2993 686 3048 IV
711 2995 759 3059 36,
787 2995 802 3048 7
831 2994 916 3065 πηγὴ,
937 2992 985 3046 ὑπὸ
1010 2998 1042 3062 τῇ
1069 2990 1144 3046 πόλει
1168 2991 1273 3064 πλησίον

211 3080 356 3154 θαλάσσης
375 3081 436 3138 ἐστί.
454 3083 524 3137 VIII
539 3083 579 3149 14,
595 3083 608 3137 1
624 3083 662 3137 IX
676 3083 719 3148 24,
733 3082 763 3150 5)
782 3082 825 3138 vol
845 3081 892 3134 ὑπὸ
912 3079 1058 3153 Πέργαμον
1077 3081 1126 3152 (of.
1138 3081 1193 3136 VII
1206 3081 1276 3146 27‚4

213 3171 297 3244 πηγαί
317 3190 402 3244 οφιοιν
422 3171 471 3225 ὑπὸ
490 3171 537 3243 τὴν
557 3169 630 3224 πόλιν
650 3168 721 3226 εἰσίν.
740 3170 811 3238 128,
829 3171 928 3226 3V111
947 3173 987 3236 13,
1002 3171 1042 3240 3).
1062 3200 1093 3208 —
1113 3169 1185 3225 VIII
1201 3170 1244 3234 37,
1263 3171 1279 3224 6

212 3264 303 3316 autem
321 3261 413 3317 malim
432 3263 464 3313 τά
484 3258 512 3312 δὲ
526 3259 552 3322 ἐς
565 3257 719 3332 Κούρητας,
739 3253 810 3312 οὗτοι
829 3261 879 3332 γάρ
900 3258 975 3331 ὑπὲρ
999 3267 1059 3311 τῶν
1084 3256 1280 3330 ἀγαλμάτων

213 3349 376 3422 πεποίηνται,
396 3351 440 3402 καί
452 3350 484 3403 τὰ
504 3350 529 3414 ἐς
543 3347 716 3421 Κορύβαντας
736 3349 954 3421 ἐπειργασμένους
973 3348 1012 3401 ἐπὶ
1024 3355 1069 3400 τοῦ
1083 3348 1186 3420 βάθρου
1200 3377 1234 3388 -
1247 3351 1280 3400 τὰ

214 3437 240 3503 ἒς
259 3440 366 3502 τούτους
385 3439 497 3512 παρίημι
517 3438 685 3508 ἐπιστάμενος
703 3455 783 3510 quam
798 3438 846 3490 ὑπὸ
864 3446 914 3490 τῶν
932 3435 1092 3509 ἀγαλμάτων
1109 3438 1198 3494 scribi.
1217 3455 1279 3492 nam

212 3529 237 3584 si
256 3527 368 3586 Curetas
386 3529 486 3599 figuras
504 3545 534 3584 ex
553 3529 667 3585 scabello
686 3529 805 3584 elevatas
831 3529 980 3597 cogitamus
1004 3527 1048 3596 (ol.
1067 3527 1199 3584 Siebelisii
1218 3527 1279 3584 adn.

212 3619 247 3676 ad
260 3621 287 3677 b.
299 3621 339 3690 1.),
357 3620 437 3677 verba
453 3637 547 3691 parum
560 3620 703 3688 diligenter
717 3619 874 3686 dictasunt,
895 3617 1004 3674 verbum
1017 3620 1107 3675 autem
1126 3615 1279 3688 πεποίηνται

213 3710 340 3766 collatum
358 3727 417 3766 oum
437 3707 653 3781 ἐπειργασμένους
671 3708 756 3764 multo
775 3707 863 3776 magis
881 3709 913 3761 ut
925 3707 957 3761 de
974 3707 1061 3775 signis
1073 3706 1195 3762 rotundis
1208 3707 1279 3776 eogi-

212 3801 300 3854 temus
318 3799 420 3856 suadet.
441 3815 523 3869 quare
541 3815 643 3853 summo
656 3797 685 3852 in
698 3797 760 3853 solii
773 3796 934 3852 adminiculo
948 3811 1038 3850 averso
1052 3794 1161 3860 Curetas
1175 3796 1281 3852 stetisse

212 3889 396 3958 existimamus
415 3905 514 3959 supra
533 3887 653 3946 Cererem
671 3890 699 3942 et
711 3887 879 3957 Despoenam
897 3885 965 3940 solio
980 3884 1135 3949 insidentes,
1155 3901 1236 3954 aequo
1249 3901 1280 3940 ao

213 3979 259 4036 III
272 3979 313 4045 18,
323 3979 357 4034 14
370 3977 523 4032 ἀνωτάτω
536 3979 618 4051 χορὸς
631 3976 818 4048 (Magnetum)
831 3974 871 4028 ἐπὶ
881 3981 917 4045 τῷ
927 3974 1017 4047 ἀρόνιμ
1028 3974 1173 4045 (Apollinis
1184 3974 1279 4043 Amyc-

213 4067 279 4136 laei)
297 4065 474 4138 πεποίηται
497 4063 735 4132 susurrasset
753 4069 807 4126 τοῖς
826 4063 980 4116 ἀνωτάτω
1004 4070 1050 4115 τοῦ
1072 4062 1172 4134 ἀράνου
1196 4063 1279 4130 (lovis
