3258 4724
706 291 927 354 ..13-

284 486 453 554 sententiae
476 486 558 571 apud
581 489 699 554 veteres
721 487 859 571 exempla
882 505 940 554 non
957 486 1083 554 desunt:
1109 485 1253 573 Aeschyl.
1269 487 1350 570 apnd

283 594 364 661 Plin.
393 615 424 660 n.
448 595 480 659 h.
509 594 664 660 XXXVII
688 596 708 660 2
731 596 811 679 (11),
844 595 972 681 Dionys.
994 614 1058 680 per.
1082 614 1111 662 ν.
1136 596 1195 660 281
1223 613 1288 678 sqq.
1298 594 1349 678 10).

283 701 391 768 deinde
420 719 492 768 vero
524 699 652 786 Ligures
682 701 849 770 maximam
879 705 998 786 partem
1030 721 1088 768 non
1119 701 1203 768 ultra
1231 701 1349 769 Padum

283 810 304 876 i.
317 828 342 876 e.
359 809 478 876 aPado
494 809 716 894 septentriones
732 829 837 876 versus
852 805 969 897 (ultra’
985 810 1067 878 enim
1083 810 1121 876 de
1136 809 1349 878 Romanorum

284 917 437 983 sententia
452 915 570 984 dietum
586 918 654 1002 est),
679 917 732 982 sed
756 917 835 984 nitra
856 917 971 984 flumen
994 917 1015 982 i.
1033 937 1059 984 e.
1081 917 1241 985 aflumino
1256 919 1350 984 meri-

284 1023 366 1090 diem
399 1043 505 1093 versus
536 1024 742 1111 sedehanlfl).
779 1024 886 1109 quodsi
921 1023 1074 1090 Eridanus
1106 1024 1187 1092 idem
1219 1027 1266 1092 esd
1297 1025 1350 1108 qui

284 1131 460 1212 Rhodanus,
489 1131 573 1213 ordo,
603 1151 663 1214 quo
686 1131 847 1199 Celtarum
870 1135 901 1199 et
924 1133 1075 1217 Ligurum
1098 1135 1196 1199 terras
1220 1131 1350 1217 scriptor

282 1239 341 1305 sihi
364 1240 456 1324 fingit
479 1239 605 1324 positas,
629 1241 667 1306 ah
691 1257 799 1308 occasu
823 1239 864 1307 ad
887 1240 1034 1307 orientem
1059 1242 1106 1306 esi
1127 1239 1216 1327 (fines
1232 1239 1349 1319 Celtici,

282 1346 391 1414 deinde
414 1346 583 1414 Rhodanus
606 1344 795 1436 [Rridanns]‚
828 1351 897 1415 inm
926 1350 1038 1415 treus
1061 1349 1244 1416 Rhodanum
1268 1346 1350 1436 [liri-

282 1455 396 1520 danum
412 1485 447 1510 =
461 1450 619 1540 Ἠριδανοῦ
642 1455 747 1540 τὲραν]
772 1459 803 1521 el
825 1458 941 1522 lernam
965 1454 1116 1523 Gallicam
1140 1454 1187 1544 [=
1202 1453 1274 1542 ὑπὲρ
1293 1467 1350 1543 γῆς

283 1572 338 1650 τῆς
353 1561 518 1650 Κελτικῆς]
536 1564 690 1651 Liguras).
725 1563 825 1649 igitur
840 1563 906 1629 eius
921 1563 983 1630 loci
999 1563 1160 1649 (Altinae),
1177 1583 1268 1648 quem
1284 1564 1350 1648 ipse

283 1672 378 1748 tenet,
394 1671 565 1736 Pausanias
580 1690 686 1736 rursus
701 1672 818 1738 nullam
835 1670 986 1738 rationem
1004 1670 1109 1736 hahet.
1143 1671 1182 1737 of.
1199 1671 1250 1737 Ps.
1266 1669 1348 1756 Scyl.

285 1780 299 1842 1
319 1795 401 1862 ερας
425 1777 597 1845 Herculeae
612 1765 783 1857 columnae,
803 1779 912 1856 Iberes,
934 1778 1092 1862 Ligures
1114 1779 1150 1844 eh
1172 1777 1349 1863 lberes22)

283 1883 314 1949 in
338 1884 450 1950 eisdem
476 1884 607 1962 sedibus,
638 1884 851 1966 Rhodanus,
883 1885 1041 1970 Ligures
1064 1884 1149 1963 soli,
1181 1885 1348 1970 Tyrrheni3

284 2075 400 2149 ἄμπωτιν
418 2079 463 2132 οιαὶ
481 2076 574 2150 ῥαχίαν
590 2078 635 2130 καί
646 2077 734 2152 θηρία
752 2077 827 2130 οὐδὲν
845 2077 949 2131 ἐοινάτα
961 2085 1017 2141 τοῖς
1030 2078 1055 2130 ἐν
1068 2077 1195 2152 θαλάσσῃ
1209 2086 1241 2150 τῇ
1255 2078 1347 2151 λοιπῇ·

283 2167 327 2220 ιιοιί
346 2185 416 2240 σφισι
435 2166 485 2220 διὰ
503 2174 560 2240 τῆς
579 2167 688 2239 χώρας
708 2167 747 2239 ῥεῖ
767 2169 884 2237 ποταμὸς
903 2165 1087 2240 Ἧριδοινάς,
1107 2167 1147 2240 ἐφ’
1168 2161 1249 2238 ᾧτὰς
1263 2171 1350 2241 θυρα-

282 2255 359 2328 τὲρας
378 2259 425 2319 τὰς
445 2255 537 2309 Ἧλίοο
558 2255 698 2329 ὀδύρεσθαι
716 2255 848 2328 νομίζουσι
866 2258 895 2309 τὺ
913 2257 970 2329 περὶ
988 2257 1032 2308 τὸν
1046 2255 1191 2310 Φαέθοντα
1208 2259 1251 2309 τὸν
1270 2257 1349 2309 ἀδελ-

284 2347 332 2418 φὸν
350 2347 445 2410 πάθος.
474 2344 523 2418 ὀψὲ
538 2343 565 2400 δέ
577 2365 639 2400 ποτε
651 2344 748 2409 αὐτοὺς
761 2344 903 2398 καλεῖσθαι
917 2343 1039 2408 Γαλάτας
1054 2345 1215 2419 ἐξενίκησεν·
1235 2343 1350 2399 Κελτοί

283 2438 334 2507 γὰρ
358 2436 426 2488 αατά
448 2454 474 2488 τε
494 2444 563 2508 σφᾶς
581 2437 610 2489 τὸ
630 2435 741 2509 ἀρχαῖον
767 2436 811 2488 ναὶ
829 2437 900 2507 ταρὰ
917 2441 972 2498 τοῖς
998 2433 1090 2498 ἄλλοις
1109 2433 1289 2506 ὠνομάζοντος
1315 2438 1348 2491 ef.

284 2524 308 2578 V
323 2527 365 2590 14,
379 2527 396 2580 3
409 2525 468 2594 (nbi
481 2526 569 2582 scribo
586 2533 643 2599 τῆς
656 2533 706 2579 τῶν
720 2523 828 2579 Κελτῶν
847 2525 892 2596 [of.
906 2525 976 2591 144,
990 2525 1007 2578 4
1019 2531 1069 2598 τῆς
1083 2523 1206 2578 Βοιωτῶν
1219 2525 1249 2580 Il
1264 2527 1305 2590 12,
1319 2528 1348 2591 3;

283 2613 327 2679 26,
349 2617 375 2679 1;
395 2616 438 2679 34,
456 2614 486 2686 4]
494 2636 501 2680 ;
519 2621 570 2687 γῆς
589 2621 637 2688 τῆς
657 2623 707 2669 τῶν
719 2613 828 2669 Κελτῶν
846 2615 874 2670 Μ
887 2615 929 2670 Vb
943 2615 987 2685 Ag
1000 2616 1036 2670 Po
1048 2615 1096 2680 La,
1115 2622 1166 2687 γῆς
1178 2624 1230 2669 τῶν
1243 2614 1350 2669 Κελτῶν
1450 2644 1452 2649 ·

284 2703 325 2758 Va
346 2703 387 2758 Lh
407 2704 468 2759 SW.
493 2702 589 2768 Dind.,
613 2709 663 2776 γῆς
689 2709 738 2778 τῆς
764 2701 870 2756 Κελτῶν
896 2701 973 2770 Sch.;
999 2703 1110 2774 plurimi
1137 2705 1224 2774 igitur
1249 2705 1349 2760 codices

284 2793 412 2864 praebent
430 2809 517 2849 reram
535 2793 675 2849 lectionem
694 2799 743 2865 τῆς
763 2794 1027 2866 1οι1α1ο1ειιορῆς,
1053 2793 1081 2847 id
1100 2793 1170 2863 quod
1189 2793 1250 2848 inde
1268 2795 1349 2864 expli-

283 2886 366 2948 oalur,
386 2881 455 2952 qnod
473 2882 538 2938 olim
555 2889 603 2956 τῆς
621 2880 706 2938 lineae
724 2883 929 2954 superscriptum
948 2886 1006 2938 erat
1024 2881 1058 2937 ad
1083 2888 1134 2954 γῆς
1153 2883 1349 2954 corrigendum)

283 2975 310 3026 et
328 2971 343 3026 l
361 2971 404 3037 31,
423 2973 449 3028 4.
467 3001 502 3011 -
521 2971 555 3026 H.
574 2971 709 3039 Nissenns,
734 2971 807 3028 ‘Ital
831 2969 1032 3027 Landeslrunde’
1051 2971 1064 3026 1
1083 2989 1108 3043 p.
1130 2973 1181 3028 183
1205 2977 1234 3029 ah
1251 2973 1313 3028 adn.
1333 2975 1349 3028 3

283 3062 442 3118 Pausaniam
456 3061 470 3116 I
483 3062 537 3129 4,1
558 3061 703 3118 Eridanum
723 3060 831 3132 aliquod
849 3061 953 3128 flumen,
972 3061 1042 3132 quod
1061 3062 1175 3118 inmane
1193 3065 1349 3133 septenario-

284 3151 345 3206 nale
354 3150 428 3218 fluat,
439 3151 593 3220 intellegere
601 3154 693 3223 putam
706 3152 775 3222 quod
787 3151 948 3208 reiciendum
959 3155 1009 3218 est,
1021 3151 1085 3222 quia
1095 3151 1208 3224 scriptor
1219 3153 1348 3222 Ligurum

285 3240 359 3295 sedes
378 3239 495 3296 Eridano
514 3243 543 3296 eh
560 3243 631 3296 terra
651 3239 753 3296 Celtica
772 3240 940 3298 determinat.

357 3329 392 3398 ²⁰)
410 3329 452 3387 Oi.
471 3328 500 3385 C.
519 3330 640 3384 Muellari
658 3346 749 3401 geogr.
769 3330 814 3386 Gr.
833 3330 898 3387 min.
917 3329 979 3386 adn.
999 3333 1033 3386 ad
1051 3347 1076 3386 ν.
1095 3331 1155 3390 289.

356 3416 391 3490 ²¹)
410 3417 452 3473 Cf.
469 3417 565 3489 Polyb.
584 3419 612 3474 ll
633 3419 674 3484 16,
696 3420 708 3474 1
729 3436 778 3490 sq„
797 3419 887 3474 Sirab.
904 3419 928 3473 V
949 3420 973 3484 1,
992 3421 1009 3473 4
1032 3417 1125 3492 διαιρεῖ
1141 3417 1164 3471 δ’
1178 3417 1241 3472 αδτδ
1259 3421 1306 3489 (sc.
1320 3421 1348 3473 τδ

284 3505 382 3578 πεδίον)
402 3507 480 3580 μέσον
498 3527 554 3571 πῶς
573 3508 587 3561 δ
606 3506 705 3572 Πάδος,
723 3509 767 3561 οιαὶ
785 3507 904 3561 καλεῖται
923 3509 951 3561 τὸ
972 3509 1018 3579 μὲν
1042 3508 1112 3572 ἐντὸς
1134 3516 1179 3562 τοῦ
1198 3507 1297 3573 Πάδου,
1320 3512 1348 3563 τὸ

284 3595 312 3648 δὲ
335 3597 429 3668 πέραν·
458 3595 545 3660 ἐντὸς
567 3599 615 3666 μὲν
639 3597 701 3650 ὅσον
724 3597 776 3651 ἐστὶ
804 3599 869 3670 πρὸς
891 3604 947 3661 τοῖς
968 3596 1127 3661 Ἀπεννίνοις
1155 3597 1224 3670 ’άρεσι
1248 3600 1291 3651 καὶ
1316 3606 1348 3670 τῇ

284 3684 474 3759 rie-(norisii,
493 3687 572 3758 ripun
585 3685 654 3740 δὲτὸ
667 3685 766 3742 λοιπόν.
786 3685 892 3740 οἰκεῖται
911 3686 939 3739 δὲ
957 3688 986 3740 τὸ
1006 3688 1053 3757 μὲν
1072 3687 1120 3740 ὑπὸ
1133 3693 1184 3741 τῶν
1197 3687 1349 3758 Λιγυστι-

283 3783 348 3828 ιιῶν
368 3775 469 3828 ἐθνῶν
487 3776 601 3829 καὶτῶν
620 3773 760 3841 Κελτικῶν,
779 3783 829 3829 τῶν
848 3777 895 3846 μὲν
914 3776 940 3830 ὲν
957 3782 1011 3839 τοῖς
1030 3775 1114 3848 ὄρεσιν
1132 3776 1279 3842 οἰκούντων,
1296 3787 1349 3830 τῶν

284 3863 307 3918 δ’
328 3864 354 3918 ἐν
377 3871 433 3928 τοῖς
451 3861 561 3928 πεδίοις·
587 3867 617 3918 τὸ
635 3864 663 3919 δὲ
687 3865 736 3918 ὑπὸ
755 3873 808 3918 τῶν
831 3863 940 3918 Κελτῶν
965 3867 1008 3918 ναὶ
1026 3864 1153 3930 Ἐνετῶν,
1177 3868 1211 3922 Η.
1231 3869 1348 3938 Xieport.

283 3953 388 4012 ‘Lehrh
407 3955 433 4010 d.
452 3955 500 4010 alh.
520 3953 625 4026 (ἔσομ’
645 3973 669 4027 p.
688 3957 739 4012 398
758 3973 806 4025 sq..
825 3956 930 4011 Nissen.
949 3956 967 4011 l.
987 3973 1008 4010 c.
1028 3955 1042 4010 I
1060 3973 1087 4026 p.
1105 3958 1156 4012 471
1168 3973 1208 4026 sq.

356 4043 389 4115 ²³)
408 4042 450 4099 Cf.
469 4043 556 4100 Strab.
576 4044 664 4108 1114,
686 4045 726 4103 19,
