3258 4724
738 221 958 286 ...affl-.-

489 417 526 484 Β.
550 416 636 482 loeus
659 414 850 493 describitur,
874 431 964 498 super
987 429 1077 498 quem
1105 412 1222 496 alicuid
1250 414 1382 480 exbcn-
1425 441 1427 446 ·

552 523 670 589 ditur.
699 521 885 606 praepositio
909 520 1057 590 vertenda
1079 523 1126 587 esi
1149 519 1253 590 scebro
1276 516 1382 590 ‘uber

555 667 592 680 -
611 627 696 695 hin'.
720 629 848 696 verbum
866 631 918 696 esi
939 628 1122 696 mouendi:

551 733 627 823 ῥεῖνε
653 737 684 802 ΙΙ
709 739 761 818 17,
777 741 809 804 2.

724 917 970 1002 Exemplum.
1031 905 1042 1010 ’-

384 1081 416 1145 ΙΙ
441 1082 530 1158 17,2
554 1077 571 1143 ὁ
594 1081 626 1144 δὲ
642 1078 799 1164 Ἀστερίων
815 1077 899 1152 οὗτος
914 1078 987 1165 ῥέων
1010 1077 1096 1164 ὑπὲρ
1119 1083 1158 1146 cb
1181 1077 1327 1164 Ἡραῖον
1350 1077 1382 1151 ἐς

317 1192 455 1276 φάραγγα
487 1185 630 1252 ἐσπίπτων
664 1187 839 1275 ἀφανίζεται.
874 1187 917 1252 sic
949 1205 1018 1254 cum
1050 1187 1221 1255 sebuburbc
1253 1188 1381 1271 aliisque

317 1294 485 1360 editoribus
509 1295 673 1360 ewardum
697 1295 882 1378 scripturam
911 1295 1072 1362 mdiorum
1103 1294 1242 1362 ecdicum
1265 1295 1308 1362 Pe
1331 1297 1383 1379 Ag

317 1403 363 1466 Lb
387 1401 552 1487 legendum
574 1403 630 1481 est,
653 1421 712 1468 nen
736 1399 791 1466 dab
815 1405 848 1468 cb
864 1399 922 1478 ‘H.‚
947 1402 1029 1486 qued
1045 1399 1156 1486 reliqui
1172 1401 1254 1486 (Vcb
1272 1403 1305 1468 M
1322 1401 1381 1488 La)

318 1509 471 1576 exhibent.
495 1527 555 1574 nen
570 1511 679 1575 draus
695 1509 820 1576 Iurnenis
835 1509 1000 1592 templum,
1025 1511 1077 1576 sed
1094 1528 1213 1592 supra
1234 1504 1268 1574 id
1285 1505 1383 1592 (uba

317 1617 386 1681 dem
410 1617 518 1699 Temp.
541 1612 616 1699 bin')
638 1615 831 1680 Asterienem
855 1635 977 1682 amnem
1000 1617 1094 1681 flucre
1116 1615 1192 1682 dicii
1215 1617 1381 1700 periegeba,

318 1724 380 1806 qui,
403 1725 439 1788 ui
462 1741 478 1787 e
500 1721 600 1788 verbis
615 1719 867 1804 praecedendibus
880 1725 933 1786 cui
948 1720 1006 1787 ἀπὸ
1022 1725 1075 1809 μὲν
1097 1720 1243 1809 Ἀκραίας
1265 1725 1297 1786 τὸ
1314 1721 1382 1807 ὄρος

317 1832 441 1894 καλοῦσι
464 1833 497 1894 τὸ
519 1827 718 1914 ἀπαντικρὺ
742 1837 801 1894 τοῦ
824 1827 987 1914 Ἡραίου,
1015 1829 1075 1894 ἀπὸ
1103 1830 1135 1893 δὲ
1158 1827 1286 1914 Εὖβοίας
1313 1828 1382 1894 icus

317 1940 395 2020 περὶ
419 1939 461 2031 1τὸῖ
479 1933 591 2022 ἱερόν,
620 1935 797 2024 Πρόσυμναν
825 1935 857 2000 δὲ
885 1941 937 2024 ’τὴν
960 1934 1023 2002 ὑπὸ
1046 1939 1084 2001 τὸ
1107 1934 1253 2021 Ἧραῖον
1280 1941 1382 2025 χώραν

318 2045 526 2130 intellegitur,
557 2044 696 2111 emnium
719 2046 830 2110 harum
854 2045 1016 2130 regionum
1039 2045 1133 2112 eibum
1165 2064 1224 2112 neu
1255 2066 1290 2112 ex
1314 2047 1382 2112 lece

318 2153 420 2235 aliquo
444 2151 521 2217 eitra
545 2151 670 2217 quenis
701 2152 853 2235 tempium
882 2139 996 2235 posite,
1027 2153 1080 2218 sed
1110 2171 1145 2218 ex
1174 2152 1240 2236 ipse
1269 2152 1383 2237 temple

318 2259 472 2326 describit.
496 2259 556 2323 huc
579 2257 707 2340 accedit,
731 2257 811 2343 qued
834 2257 987 2327 Steffsuus
1007 2263 1039 2326 ab
1062 2259 1236 2345 Leliingius
1259 2278 1381 2325 cursum

318 2366 490 2434 Astericnis
512 2365 703 2446 inusserunt,
735 2367 787 2450 qui
809 2366 995 2433 intercidas
1018 2369 1139 2434 menies
1162 2388 1180 2434 a
1202 2368 1320 2452 temple
1343 2365 1384 2432 ad

320 2474 494 2559 aquilonem
518 2491 680 2540 conversos
704 2477 789 2538 orius
814 2474 908 2540 eiiam
923 2473 1014 2540 hodie
1029 2475 1061 2538 in
1077 2475 1188 2556 fauces,
1214 2493 1289 2558 quas
1304 2493 1384 2540 nunc

319 2579 502 2666 Κλειαοῡραν
525 2583 645 2660 vocant,
669 2580 798 2664 proruit·
811 2584 844 2648 et
865 2581 897 2646 in
920 2581 1007 2649 alveo
1022 2581 1176 2665 lapidibus
1193 2582 1292 2650 obside
1316 2582 1385 2649 abs·

322 2688 473 2767 conditur,
498 2709 569 2756 eum
592 2688 744 2774 templum
767 2689 799 2754 in
822 2688 965 2755 inferiore
989 2689 1130 2756 Euboeae
1156 2689 1270 2756 moniis
1298 2693 1385 2776 parte

322 2795 454 2881 margini
476 2795 618 2879 planitiei
642 2795 779 2880 Argivae
802 2795 950 2862 adiaceab.
982 2797 1021 2863 ei.
1036 2791 1165 2863 ‘Karion
1180 2815 1211 2864 ν.
1228 2796 1384 2882 Mykenai,

322 2901 509 2970 eriauternd.
533 2900 620 2969 'ieri’
643 2921 673 2988 p.
690 2903 732 2969 40
749 2921 793 2988 sq.

378 3099 420 3163 II.
444 3093 531 3184 ‘Tisip
555 3098 709 3183 particula
724 3117 794 3165 eum
811 3099 983 3166 accusative
999 3101 1141 3184 capulata
1163 3100 1243 3168 leci
1266 3101 1386 3167 eibum

443 3205 584 3290 explicat.
722 3235 724 3244 ,
1291 3227 1294 3235 ’

491 3313 530 3382 Α.
553 3313 614 3379 1οοί
637 3314 707 3381 dinis
731 3314 940 3399 significatur,
971 3318 1057 3382 trans
1086 3335 1176 3400 quem
1198 3318 1386 3384 meursium

557 3423 748 3505 peractus
772 3425 829 3489 esi
851 3422 906 3504 iba,
930 3426 966 3490 ub
987 3423 1028 3493 ab
1052 3424 1151 3491 albere
1165 3426 1254 3507 parba
1269 3423 1386 3508 aliquid

559 3529 679 3594 eibum
705 3547 783 3595 esee
805 3529 935 3618 dicatur.¹
966 3533 1070 3598 uestro
1097 3549 1237 3597 sermone
1257 3531 1387 3599 dicimus

557 3632 661 3702 ‘iiber
678 3674 718 3683 —
739 3633 902 3703 drdben’
925 3638 973 3702 vel
995 3635 1194 3722 ‘J'euseibs'.
1218 3640 1310 3706 uerba
1333 3637 1387 3704 ad·

557 3745 662 3810 iuncta
684 3746 756 3810 sunt
778 3744 1005 3826 quiescendi:
1104 3799 1107 3806 .

558 3848 660 3916 abssas:
682 3851 758 3930 Vi,
776 3853 794 3917 7
805 3873 812 3928 ς
837 3851 965 3918 verbum
988 3853 1160 3935 paciscendi
1183 3853 1387 3938 supplendum

559 3954 663 4025 esici
689 3958 831 4037 11‚2x
857 3959 886 4038 1,
903 3959 934 4024 2.
