3258 4724
766 247 899 308 -20
946 282 988 291 .-

337 435 567 502 Rhamnuntem
588 435 738 517 tenditur,
755 437 883 522 denique
899 438 1077 526 droppen).
1094 440 1169 504 -Ι
1189 445 1217 519 1,
1237 445 1251 506 1
1270 441 1404 506 insulam

336 543 474 609 Patrocli
485 545 636 610 memorat
648 563 666 609 3
676 543 769 610 Sunio
779 547 993 628 promunturio
1006 547 1047 612 ad
1058 565 1197 613 occasum
1210 567 1404 633 progressus:

337 650 551 729 135,10rdo
574 653 621 716 est
643 651 798 718 inversus:
828 653 932 718 insula
954 652 1091 719 Patrocli
1114 656 1146 721 et
1168 654 1253 720 ultra
1276 654 1405 720 Sunium

338 777 374 824 ex
399 757 468 822 sinu
498 756 642 823 Saronico
670 758 831 842 naviganti
857 758 974 825 Helene
1002 760 1113 828 insula.
1148 798 1185 808 -
1218 761 1309 827 urbes
1331 761 1406 845 Epi·

339 865 470 932 daucum
487 865 536 947 (ΙΙ
552 867 605 944 29,
626 865 657 953 1)
678 867 710 932 et
726 866 878 932 Troezene
894 865 944 952 (H
959 871 1012 947 31,
1029 871 1044 932 l
1062 869 1141 954 sqq.)
1157 869 1288 952 scriptor
1303 869 1407 936 ordine

338 972 430 1038 solito
443 975 619 1050 enumerat;
633 973 751 1039 insulae
762 976 866 1040 tamen
880 975 1045 1058 Argolicae
1058 976 1207 1059 Sphaeria
1219 980 1251 1042 et
1262 976 1406 1043 Calauria

333 1082 369 1145 :et
381 1079 560 1161 paeninsula
572 1080 719 1146 Methana
732 1080 783 1165 (Π
799 1083 852 1160 33,
871 1085 887 1146 1
906 1083 986 1169 sqq.)
1003 1081 1041 1148 ab
1058 1086 1162 1149 austro
1178 1083 1217 1150 ad
1232 1085 1406 1167 aquilonem

337 1187 410 1252 sunt
437 1186 561 1253 allatae.
589 1189 627 1236 —-'
651 1187 690 1252 Π
706 1191 796 1267 34,8
820 1208 886 1272 sqq.
914 1189 991 1254 litus
1019 1192 1050 1256 et
1078 1190 1212 1258 obiectas
1239 1192 1358 1258 insulas
1388 1213 1407 1258 a

339 1295 552 1378 promunturio
581 1294 719 1380 Scyllaeo
748 1297 788 1362 ad
818 1297 1018 1364 Hermiouem
1050 1319 1155 1383 usque,
1189 1300 1222 1365 id
1255 1300 1336 1384 quod
1367 1301 1407 1365 ad

340 1402 544 1469 constitutum
566 1403 703 1492 ordinem
727 1404 906 1487 quadraret,
935 1404 1107 1472 describere
1130 1406 1199 1474 uult
1221 1407 1406 1486 Pausanies3

333 1529 372 1576 re
400 1529 471 1594 vera
500 1513 605 1577 autem
633 1511 797 1596 descriptio
825 1512 865 1578 ad
894 1513 1028 1579 alteram
1055 1513 1157 1579 litoris
1179 1513 1408 1581 Hermionensis

340 1620 460 1701 partem
475 1616 625 1701 pertiuet;
650 1620 844 1702 nequeenim
859 1619 971 1702 incipit
986 1639 1004 1684 a
1018 1619 1169 1705 Scyllaeo,
1186 1620 1237 1686 sed
1254 1622 1293 1687 ab
1308 1622 1406 1688 altero

340 1717 440 1792 litoris
471 1725 531 1790 fine
550 1725 699 1809 'Scyllaeo
729 1726 883 1809 opposito,
917 1726 969 1808 qui
996 1726 1035 1791 ad
1063 1727 1250 1794 occidentem
1279 1732 1406 1812 spectat,

317 1856 320 1862 ·
341 1832 443 1899 neceb
454 1833 569 1898 oriente
582 1832 620 1898 ad
632 1832 831 1912 occidentem,
843 1835 894 1900 sed
903 1836 1080 1916 permutato
1093 1833 1198 1901 ordine
1211 1836 1407 1922 prosodiam).

342 1979 383 1992 -
395 1940 432 2006 Π
444 1944 498 2019 36,
510 1943 530 2006 4
543 1959 608 2024 sqq.
619 1941 787 2006 Pausanias
800 1942 832 2006 in
843 1941 913 2006 sinn
923 1941 1070 2023 Argolico
1086 1962 1104 2008 a
1117 1942 1223 2010 dextra
1236 1944 1275 2010 ad
1287 1944 1408 2010 laevam

341 2049 380 2133 (si
396 2048 463 2131 quis
479 2047 619 2114 tabulam
635 2048 875 2134 geographicam
890 2048 1029 2136 inspicit)
1046 2054 1267 2117 commemorat
1283 2051 1408 2131 Asinen,

342 2155 460 2236 deinde,
484 2175 641 2222 sacrorum
657 2159 688 2222 et
703 2157 839 2221 rivorum
863 2155 961 2242 (uelut
975 2156 1109 2244 Phrixi),
1133 2177 1211 2240 quae
1233 2157 1293 2225 iter
1316 2159 1409 2244 Argis

342 2262 466 2329 facienti
482 2282 513 2330 se
528 2263 668 2342 offerunt,
686 2262 838 2330 mentione
853 2263 944 2342 faeta,
961 2263 1109 2331 Lernam:
1126 2264 1180 2332 sed
1191 2263 1229 2329 Π
1244 2267 1297 2345 33,
1313 2269 1327 2331 1
1343 2286 1408 2349 sqq.

345 2371 450 2438 ordine
473 2371 592 2437 inverso
617 2389 703 2436 oram
727 2370 873 2438 describit
896 2390 930 2438 eo
947 2371 1085 2451 consilio,
1109 2375 1146 2439 ut
1161 2375 1246 2438 trans
1261 2373 1409 2439 Phrixum

343 2481 445 2547 nuum
460 2479 522 2546 iam
539 2482 628 2545 antea
643 2479 836 2546 nominatum
848 2499 987 2547 reversus
999 2473 1181 2546 Temenium
1197 2483 1229 2548 et
1241 2481 1272 2546 N
1274 2481 1410 2565 eupliam

345 2587 457 2672 oppida
484 2590 555 2653 ante
582 2587 799 2670 praetermissa
826 2588 967 2671 suppleat
976 2586 1028 2672 ³⁸).
1052 2625 1095 2636 —
1117 2587 1280 2668 111333
1304 2609 1369 2673 sqq.
1393 2610 1411 2656 a

345 2694 461 2780 Gythio
491 2714 544 2777 per
567 2693 646 2774 Lan,
669 2695 892 2780 Pyrrhichum,
917 2694 1113 2761 Teuthronen
1142 2695 1183 2761 ab.
1205 2695 1347 2780 aquilone
1370 2696 1410 2762 ad

344 2804 484 2871 austrum
495 2801 576 2867 circa
588 2803 759 2868 Taenarum
771 2801 1022 2887 promunturium
1035 2821 1067 2868 se
1079 2803 1206 2884 confert,
1219 2803 1294 2870 duos
1306 2806 1411 2872 autem

344 2913 452 2998 portus
475 2909 514 2974 ab
537 2909 679 2975 orientali
702 2913 733 2976 et
757 2909 939 2976 occidentali
963 2909 1093 2976 Taenari
1119 2913 1208 2994 parte
1235 2911 1310 2978 sitos
1339 2931 1411 2978 con·

344 3017 439 3087 trarlo
455 3016 558 3084 ordine
574 3016 651 3083 diois
664 3015 720 3082 III
733 3021 785 3096 25,
802 3019 839 3084 4:
866 3014 1046 3104 Τευθρώνης
1061 3017 1094 3080 δὲ
1110 3016 1214 3105 ἀπέχει
1229 3025 1409 3106 πεντήκοντα

344 3131 394 3194 καί
417 3124 521 3190 ἑκατὸν
538 3124 676 3196 σταδίους
700 3163 740 3172 -
766 3123 909 3211 Ταίναρον
933 3127 984 3188 καὶ
1007 3126 1121 3210 λιμένες
1144 3121 1161 3188 ὅ
1184 3147 1214 3188 τε
1239 3122 1410 3212 Ἀχίλλειός

345 3235 476 3304 ἐστικαὶ
499 3230 673 3318 Ψαμαθοῦς
683 3232 733 3318 ³⁹).
758 3269 802 3280 —-
824 3233 936 3310 V5,3
959 3229 1028 3296 ἰόντι
1052 3233 1084 3295 δὲ
1107 3230 1165 3296 ἀπὸ
1188 3243 1241 3319 τῆς
1262 3229 1411 3306 Ἠλείας

345 3348 452 3434 χωρίον
474 3339 547 3408 ἐστὶν
570 3337 616 3403 ἐπὶ
631 3341 791 3405 θάλασσαν
807 3341 955 3428 καθῆκον,
973 3340 989 3403 ὃ
1005 3337 1176 3426 ὀνομάζεται
1200 3343 1251 3425 μὲν
1267 3339 1406 3427 Σαμικόν,

348 3453 382 3520 ἐν
399 3451 495 3536 δεξιᾷ
512 3451 543 3512 δὲ
558 3445 629 3531 ὑπὲρ
645 3443 715 3512 αὐτὸ
731 3444 783 3534 ἥτε
799 3445 944 3536 Τριφυλία
959 3448 1129 3535 καλουμένη
1146 3448 1286 3531 opposito
1307 3448 1411 3515 ordine

349 3585 561 3602 --......-

418 3648 454 3721 ⁸⁸)
472 3645 514 3705 Of.
533 3643 623 3704 Strab.
642 3641 686 3698 IX
706 3643 730 3708 1,
749 3643 781 3699 21
797 3659 836 3712 sq.

350 3761 353 3769 ·
419 3741 452 3810 ³1)
472 3738 513 3796 Ol.
526 3735 560 3792 H.
573 3733 605 3792 G.
618 3731 747 3802 Lollingii
765 3729 829 3786 ‘Der
851 3730 1059 3787 hermioneieohe
1082 3729 1225 3802 Archipel’,
1253 3731 1318 3787 Aen.
1337 3732 1411 3788 Mire.

349 3833 388 3889 lV
399 3828 491 3901 (1879)
505 3845 530 3898 p.
545 3825 594 3880 107
607 3839 673 3893 sqq,
691 3819 901 3876 aasumensi
920 3818 1009 3874 ‘Paua
1029 3817 1054 3873 d.
1073 3817 1185 3889 Perieg?
1203 3837 1229 3890 p.
1244 3821 1303 3876 181.

420 3919 453 3989 ³⁸)
473 3917 513 3978 ef,
527 3909 634 3971 Kalkm'.
647 3911 664 3966 l.
678 3928 700 3966 c.
713 3928 739 3980 p.
754 3910 802 3965 181
816 3926 855 3979 aq.

420 4012 452 4082 ⁸⁹)
472 4009 511 4066 cf.
525 4009 567 4063 Pe.
582 4002 652 4075 Scyl.
664 4001 707 4055 46.

779 4262 836 4271 ..ι-ι
