3258 4724
763 349 960 410 ..4.-

331 541 500 609 Pausanias
529 562 587 608 nur·
618 542 649 607 in
673 541 743 608 dem
767 541 842 608 Sinn
873 561 933 607 von
956 537 1141 608 “oberhalb”
1171 560 1225 607 vor
1251 540 1314 607 und
1337 548 1395 606 nur

331 669 369 716 an
385 650 507 740 solchen
525 649 651 729 Stsllen‚
675 669 721 716 wo
738 669 810 715 man
834 669 866 715 es
889 651 967 716 nach
991 649 1147 716 eiulachcr
1163 648 1340 733 Erkldrung
1362 648 1393 713 in

331 757 444 824 diesem
467 757 540 824 Sino
571 757 700 824 nahmen
724 754 846 839 muss’..
873 755 936 822 iam
959 775 1029 824 vero
1059 775 1129 822 cunr
1159 755 1295 822 eiusdem
1326 773 1394 820 sen-

330 865 445 932 tentiae
474 865 535 930 sint
566 867 597 930 et
621 862 654 932 G.
679 864 714 928 F.
739 863 914 948 Ungerus⁷)
944 866 975 929 ot
996 864 1035 930 A.
1060 861 1331 949 Milchhocferus⁸)
1362 865 1394 928 et

330 973 365 1039 P.
395 972 642 1039 Weizsacckerus
656 972 699 1058 ⁹),
729 975 836 1038 contra
866 972 899 1038 C.
931 970 1183 1036 Wachsmuthius
1199 969 1239 1057 ¹⁰)
1267 989 1394 1054 praepo-

330 1081 471 1147 sitionem
501 1099 572 1144 curn
602 1079 775 1146 accusativo
805 1078 980 1163 copulatam
1011 1079 1137 1156 114,6
1168 1080 1200 1143 et
1222 1077 1291 1144 aliis
1319 1077 1394 1144 locis

331 1207 420 1254 sensu
444 1188 541 1254 nostri
564 1183 730 1253 ‘oberosto’
753 1187 891 1253 adhiberi
906 1205 1030 1270 prorsus
1047 1189 1153 1270 negat:
1177 1185 1270 1252 irnrno
1290 1185 1394 1268 potius

330 1291 402 1379 ὑπὲρ
419 1314 487 1360 curn
504 1313 572 1380 gen.
590 1297 621 1359 et
635 1290 707 1378 ὑπὲρ
723 1313 793 1359 cunr
810 1313 872 1360 acc.
889 1293 1084 1360 coniunctum
1101 1292 1182 1376 apud
1205 1294 1393 1378 periegetarn

330 1403 460 1468 discerni
488 1402 556 1468 vult
583 1402 753 1485 statuitque
775 1402 806 1466 in
830 1400 1065 1486 praepositionis
1094 1419 1164 1466 curn
1187 1403 1298 1484 quarto
1321 1421 1393 1466 casu
1483 1482 1487 1486 Π

331 1509 526 1594 copulatione
554 1528 673 1592 semper
700 1509 937 1593 significationes
972 1511 1026 1574 aut
1053 1504 1155 1574 ‘uber
1180 1544 1223 1554 -
1251 1505 1395 1574 hinans’

331 1621 386 1684 aut
409 1614 510 1682 ‘iiber
538 1655 578 1662 —
607 1612 682 1681 lrin³
709 1615 820 1698 inesse,
847 1635 978 1699 quarum
1006 1617 1076 1681 ntra
1102 1615 1134 1680 in
1163 1615 1292 1700 singulis
1318 1615 1394 1682 locis

332 1725 447 1802 valeat,
483 1743 518 1790 ex
545 1723 610 1806 ipsa
639 1723 682 1788 rei
710 1725 820 1788 natura
849 1743 1003 1807 nunquam
1030 1742 1090 1789 non
1119 1722 1260 1806 intellegi
1286 1723 1393 1806 possit.

333 1852 392 1915 quo
415 1830 543 1909 iudicio,
567 1829 647 1912 quod
671 1829 805 1914 prirnunr
833 1830 864 1895 in
893 1849 997 1896 museo
1020 1829 1119 1895 Ithon.
1144 1829 1255 1896 XXllI
1278 1829 1394 1915 (1868)

331 1959 361 2022 p.
378 1943 398 2005 9
422 1940 469 2004 est
483 1939 611 2017 factum,
636 1940 747 2018 motus,
771 1940 807 2003 ut
823 1937 954 2016 videtur,
978 1938 1013 2002 11.
1031 1936 1204 2021 Orrrtirrs¹¹t
1218 1936 1319 2020 priore
1340 1956 1394 2002 soa

330 2046 391 2111 loci
413 2047 429 2111 I
452 2049 502 2124 14,
526 2047 545 2111 6
575 2045 774 2128 explicatione
802 2043 920 2111 abiecta
952 2063 1047 2127 aeque
1074 2064 1110 2110 ac
1140 2044 1395 2112 Wachsmuthius

330 2153 438 2219 vertit:
467 2149 551 2218 ‘suber
575 2151 633 2217 den
656 2152 857 2218 Kerameikos
879 2150 944 2218 und
966 2152 1015 2216 die
1038 2152 1241 2237 Kdnigshallo
1265 2148 1394 2220 hiuaus’.

331 2262 491 2345 Ruegerus
515 2259 643 2342 denique
667 2260 688 2326 1.
705 2261 726 2326 1.
744 2280 774 2343 p.
790 2262 834 2328 49
850 2279 926 2343 sqq..
950 2279 1135 2344 quamquam
1159 2258 1197 2325 de
1211 2256 1283 2346 ὑπὲρ
1305 2279 1394 2343 prae-

330 2367 489 2452 positionis
505 2367 779 2452 significationibus
794 2387 853 2434 non
870 2368 945 2434 satis
961 2367 1084 2434 definite
1100 2367 1284 2434 sententiam
1307 2387 1393 2434 suam

331 2476 469 2541 elocutus
489 2477 546 2556 est,
570 2477 675 2541 tamen
690 2473 859 2558 particulae
882 2476 972 2542 ineis
995 2475 1079 2554 loeis,
1103 2475 1213 2559 quibus
1236 2475 1300 2541 sive
1323 2495 1394 2543 cum

332 2602 401 2668 gen.
418 2582 480 2647 sive
510 2601 580 2647 curn
608 2601 670 2648 acc.
703 2582 742 2647 ad
771 2583 865 2648 situm
893 2581 1088 2650 indicandum
1116 2585 1299 2666 usurpatur,
1335 2603 1394 2650 non

331 2689 429 2758 solum
449 2689 512 2756 viru
527 2685 671 2769 ‘ultra’,
695 2688 749 2756 sed
765 2689 858 2755 etiam
873 2685 1010 2773 ‘supra’
1025 2691 1057 2756 in
1076 2690 1252 2756 universum
1268 2691 1393 2768 tribuit;

331 2797 384 2862 ubi
400 2799 503 2863 auteur
515 2796 545 2862 in
558 2796 727 2882 Polygnoti
740 2797 919 2863 tabularum
932 2796 1134 2882 descriptione
1146 2797 1232 2863 nobis
1245 2800 1393 2877 occurrat,

331 2924 399 2970 eam
428 2905 529 2972 valere
551 2900 676 2971 ‘etwas
700 2904 826 2972 weitcr
849 2901 1007 2984 zurdcl’,
1036 2907 1129 2988 atque
1151 2905 1205 2971 ubi
1231 2925 1301 2972 cum
1325 2924 1394 2990 gen.

330 3012 369 3078 ad
393 3011 489 3077 situm
511 3012 712 3095 populorum,
743 3012 933 3093 insularum,
964 3013 1087 3078 urbium
1112 3012 1316 3078 definiendum
1340 3012 1395 3080 ud-

330 3120 492 3197 hibeatur‚
528 3138 745 3204 nonnunquam
779 3120 811 3185 in
845 3120 1001 3187 notionem
1036 3116 1233 3186 ‘ntrdlich'
1264 3121 1396 3186 transire

330 3226 497 3293 contendit.
533 3229 566 3292 at
589 3225 661 3292 dum
686 3246 745 3292 non
769 3228 871 3294 cuncti
886 3227 1057 3294 Pausaniae
1081 3226 1141 3294 loci
1164 3226 1253 3310 plene
1272 3227 1394 3292 collecti

413 3387 436 3454 7)
455 3384 653 3441 tEnneslrruncs
679 3402 705 3442 u.
728 3383 907 3456 Pelasgikon,
933 3385 1113 3456 Sitznngsber.
1139 3384 1166 3440 d.
1184 3383 1292 3440 llr'rnch.
1311 3383 1395 3440 Akad.

331 3476 400 3532 1874
418 3493 444 3545 p.
464 3476 525 3530 296.

413 3565 433 3634 ⁸)
453 3549 537 3620 ‘siber
550 3563 576 3619 d.
590 3564 663 3633 Lege
676 3563 721 3620 dos
734 3562 888 3620 “Kolonos”
908 3565 937 3620 in
958 3562 1064 3630 Athen'‚
1083 3564 1148 3619 hist.
1167 3580 1193 3620 u.
1211 3562 1304 3634 philol.
1317 3561 1393 3618 Auis.

330 3654 393 3708 111.
407 3653 515 3709 Curtius
533 3671 559 3724 p.
578 3653 643 3719 3483
663 3654 697 3709 cl.
716 3653 832 3710 eiusdem
852 3651 961 3708 ‘Athen’
980 3655 1008 3710 in
1026 3654 1059 3709 A.
1078 3653 1255 3710 Baurneisteri
1273 3651 1395 3708 ‘Deum

330 3743 355 3798 d.
374 3743 454 3798 klass.
473 3741 580 3800 Alcen?
600 3743 614 3796 l
633 3761 658 3813 p.
680 3743 739 3799 166.

414 3833 437 3902 ⁹)
457 3831 517 3887 ‘Die
536 3832 684 3888 Beschrcib.
709 3832 754 3888 des
778 3833 876 3890 llarlrt.
896 3850 921 3888 v.
941 3832 1004 3889 Ath.
1031 3850 1056 3890 n.
1076 3832 1118 3888 die
1141 3831 1395 3900 Enncekrunosepis.

329 3923 353 3978 b.
372 3920 470 3988 Paus’,
488 3921 582 3978 Jahrb.
602 3922 620 3976 f.
639 3921 709 3977 Phil.
729 3939 752 3976 n.
771 3922 872 3992 Podag.
894 3922 961 3977 1887
978 3940 1003 3992 p.
1015 3924 1075 3980 593.

402 4011 434 4081 ¹⁰)
452 4010 513 4066 ‘Die
531 4010 613 4066 Stadt
631 4010 695 4066 Ath.
715 4011 733 4065 i.
752 4010 794 4069 A?
814 4011 828 4066 I
856 4030 880 4083 p.
902 4013 951 4066 175
970 4029 1009 4084 sq.
1016 4034 1023 4078 ;
1043 4011 1075 4069 cl.
1094 4029 1120 4082 p.
1139 4013 1200 4068 278.

401 4100 435 4172 ¹¹)
454 4099 651 4156 ‘Erlduternder
670 4099 738 4154 Text
756 4099 782 4155 d.
802 4099 934 4156 altercer
955 4117 975 4155 u.
989 4101 1157 4172 Topograplr.
1176 4117 1202 4156 v.
1218 4099 1292 4156 Aah?
1310 4117 1337 4170 p.
1351 4098 1394 4152 51.
