3258 4724
657 315 877 372 ..77-

233 504 280 568 est
302 503 417 581 autem',
447 503 567 570 utiam
591 523 683 588 supra
711 503 854 584 diximus,
883 503 949 573 eius
980 503 1023 570 rei
1055 523 1147 572 eausa
1175 523 1211 570 er
1233 504 1300 570 uu'i-

233 627 320 676 verso
349 610 405 676 illc
436 609 538 676 studio
570 610 750 692 repetenda,
781 627 840 692 quo
873 612 926 694 qui
955 610 1079 694 lingua,
1110 629 1189 694 quae
1217 617 1301 699 ποινή

233 719 370 797 vocatur,
401 718 533 784 utuntur·
563 717 753 799 provinciam
784 721 934 800 aquario
957 729 1030 784 casu
1053 717 1302 787 administratam
1417 804 1418 808 Ἰ

232 843 303 892 cum
326 823 465 908 genetivi
486 827 519 890 at
541 823 638 890 dativi
654 825 767 892 damno
783 825 972 908 amplificare
988 827 1080 908 atque
1094 843 1208 909 angera
1231 841 1302 892 oon·

234 933 410 998 sueverunt.
444 931 671 1014 significatione
693 928 832 1016 ‘jorseio’
861 927 932 1016 ὑπέρ
962 951 1032 998 cum
1063 932 1204 1016 genetivo
1232 949 1303 998 con·

233 1037 376 1121 iungitur
393 1037 571 1119 medemena,
596 1057 665 1104 cum
682 1038 856 1105 accusativo
872 1041 934 1116 ter3
958 1041 1064 1104 contra
1079 1038 1302 1124 significatione

233 1141 399 1211 ‘uberhalb’
423 1164 492 1210 orum
524 1148 667 1230 genetivo
698 1147 854 1230 sexagiens
878 1145 1003 1224 cottone,
1035 1165 1105 1212 oum
1129 1145 1302 1214 accusativo

234 1252 394 1337 sexagiens
409 1255 468 1332 ter,
491 1252 536 1317 ita
551 1255 597 1331 ut,
621 1272 690 1317 cum
708 1252 773 1318 illic
789 1253 925 1336 genetivi
940 1253 1080 1335 exempla
1095 1253 1195 1318 multo
1210 1253 1303 1336 plura

164 1362 167 1364 ’
234 1358 297 1426 sint
311 1379 404 1443 quam
420 1360 596 1441 accusativi,
623 1361 673 1425 hie
696 1360 854 1443 utriusque
870 1379 957 1428 casus
981 1361 1190 1445 exemplorum
1208 1379 1303 1444 paene

234 1486 289 1549 par·
320 1468 360 1531 sit
390 1486 544 1534 uumerus.
585 1468 624 1533 ad
663 1467 904 1551 geographicnm
935 1467 1030 1533 situm
1065 1465 1302 1552 significandum

235 1573 378 1658 genetivo
402 1573 500 1639 multo
525 1574 714 1656 frequentius
729 1575 885 1658 periegeta
901 1574 1000 1640 utitur
1021 1593 1113 1657 quam
1129 1575 1302 1641 accusativo

166 1727 171 1736 -
234 1681 317 1765 (gen.
341 1683 383 1746 48
401 1703 409 1744 :
427 1699 489 1747 acc.
509 1680 643 1767 181⁷⁰));
668 1684 702 1746 at
716 1681 973 1766 topographioum
997 1681 1093 1747 situm
1107 1683 1143 1747 ut
1166 1681 1302 1762 definiat,

235 1787 442 1856 accusativum
467 1787 603 1871 praefert
619 1787 761 1873 genetivo
778 1787 854 1873 (aco.
871 1789 914 1854 48
932 1811 939 1852 :
956 1807 1026 1872 gen.
1044 1787 1112 1875 33).
1137 1788 1216 1871 quod
1233 1807 1303 1855 voro

234 1897 293 1961 hoc
316 1896 348 1960 in
371 1913 481 1980 gauere
496 1896 666 1962 Pausanias
683 1897 892 1963 accusativum
908 1897 1009 1980 inagis
1024 1896 1215 1980 approbavit,
1240 1897 1304 1962 eius
1415 1913 1417 1918 ’

235 2003 279 2069 rei
302 2002 388 2069 nulla
417 2003 450 2069 in
478 2003 654 2070 universum
680 2004 802 2087 quidem
826 2003 905 2069 ratio
929 2004 1033 2070 afferri
1062 2007 1177 2088 potest:
1208 2006 1304 2070 immo

236 2220 343 2285 bondis
359 2217 528 2304 Polygnoti
543 2218 671 2302 pictoris
686 2219 802 2285 tabulis
817 2215 889 2304 ὑπὲρ
905 2218 1068 2286 undeciens
1084 2239 1153 2285 cum
1165 2238 1239 2300 acc,
1256 2223 1304 2286 ter

235 2329 359 2392 tanturn
375 2345 443 2392 cum
469 2345 538 2410 gen.
556 2326 723 2404 coniunxit,
748 2345 934 2409 qunamquam
955 2345 1046 2392 causa
1061 2326 1198 2394 evitandi
1213 2327 1304 2393 huius

235 2454 322 2502 casius
339 2453 399 2499 non
416 2437 582 2518 comparet.
600 2434 652 2500 sed
667 2433 718 2499 hio
732 2433 797 2500 illic
813 2433 1021 2500 accusativum
1037 2434 1167 2518 elegisse
1182 2433 1304 2502 videtur

236 2542 274 2608 ad
291 2541 504 2608 declinandam
521 2543 736 2626 genetivorum
752 2541 987 2621 acervationem,
1003 2542 1090 2607 velut
1101 2541 1178 2608 VIII
1191 2544 1244 2620 41,
1264 2546 1303 2608 10

235 2648 308 2736 ὑπὲρ
322 2654 354 2714 τὸ
370 2647 445 2736 ἱερὸν
460 2659 511 2713 τοῦ
527 2647 721 2722 ’Λπόλλωνος
743 2659 793 2713 τοῦ
808 2647 1003 2734 Ἐπικουρίου,
1021 2649 1050 2711 V
1064 2651 1115 2728 13,
1129 2651 1146 2715 7
1164 2645 1236 2733 ὑπὲρ
1251 2659 1305 2737 τῆς

236 2757 416 2844 Πλαστήνης
431 2761 544 2844 μητρὸς
559 2761 590 2821 τὸ
607 2755 691 2842 ἱερόν,
715 2759 745 2823 Χ
762 2761 814 2835 26,
831 2760 852 2823 4
875 2754 947 2843 ὑπὲρ
965 2765 1015 2821 τοῦ
1031 2754 1241 2842 Νεοπτολέμου
1257 2760 1305 2822 τὸν

236 2871 337 2954 τάφον,
354 2866 434 2942 118,
452 2869 471 2930 2
495 2866 597 2946 1132,
617 2868 636 2933 8
653 2866 681 2930 V
700 2869 750 2945 11,
771 2867 800 2931 7.
825 2865 931 2930 eadem
949 2865 986 2930 de
1001 2884 1101 2945 causa,
1118 2868 1154 2931 ut
1169 2865 1303 2947 videtur,

236 2976 264 3039 V
278 2977 329 3056 10,
344 2977 363 3040 9
376 2970 447 3058 ὑπὲρ
459 2982 511 3037 τοῦ
522 2983 592 3039 ναοῦ
604 2979 759 3061 πεποίηται
773 2984 828 3037 τῶν
840 2976 941 3056 θυρῶν
953 2973 1111 3058 genetivus
1123 2973 1304 3056 interposito

237 3082 329 3148 verbo
342 3082 497 3164 separavit
509 3083 540 3147 et
551 3081 629 3148 VIII
643 3085 695 3161 32,
711 3086 729 3146 3
743 3077 897 3168 πεποίηται
910 3080 1026 3144 στάδιον
1042 3076 1113 3164 ὑπὲρ
1126 3091 1180 3166 τῆς
1191 3076 1304 3168 Ἀφρο-

140 3229 143 3238 ,
237 3186 317 3277 δίτης
327 3209 380 3272 pro
393 3185 465 3275 ὑπὲρ
476 3198 526 3253 τοῦ
538 3185 616 3275 ἱεροῦ
627 3200 681 3276 τῆς
690 3186 871 3278 Ἀφροδίτης
881 3189 957 3254 dixit
969 3185 1041 3271 ὑπὲρ
1053 3198 1108 3275 τῆς
1116 3184 1304 3276 Ἀφροδίτης.

236 3297 365 3380 denique
380 3298 566 3362 Pausaniam
584 3297 688 3376 etiarn,
706 3299 741 3361 ut
755 3295 969 3380 perspicuitati
985 3297 1165 3378 consuleret,
1180 3316 1304 3363 accusa-

236 3405 335 3470 tivum
352 3404 532 3487 praetulisse
548 3404 681 3471 arbitror
696 3405 764 3471 loce
782 3404 815 3469 Il
833 3407 884 3483 17,
911 3408 928 3472 7
954 3401 1014 3467 ἔστι
1038 3404 1070 3467 δὲ
1086 3400 1156 3488 ὑπὲρ
1173 3406 1221 3469 τὸν
1235 3407 1305 3469 ναὸν

238 3521 336 3577 τουτον
354 3521 403 3576 τοῦ
420 3517 562 3597 προτέρου
576 3521 646 3576 ναοῦ
658 3513 794 3598 θεμέλια,
811 3513 865 3578 ubi
877 3513 1089 3597 genetivanum
1102 3533 1137 3580 ex
1149 3509 1220 3598 ὑπὲρ
1233 3531 1304 3597 par-

237 3781 343 3838 nicht
361 3783 408 3837 lei
418 3782 478 3837 cht
498 3798 548 3837 von
560 3781 606 3837 der
619 3782 700 3853 Lege,
719 3783 781 3837 aher
798 3783 840 3838 bei
854 3784 938 3838 einem
950 3783 1065 3838 Verbum
1078 3783 1124 3838 der
1135 3782 1305 3853 Bevcgung’,

237 3875 264 3926 et
282 3871 353 3942 quod
371 3871 442 3926 idem
461 3872 490 3925 in
509 3871 617 3925 Arriani
637 3871 714 3927 anab.
733 3871 797 3927 edit.
817 3873 850 3928 ed
870 3873 883 3927 I
905 3873 945 3938 14,
965 3873 982 3926 4
1000 3872 1120 3930 adnotat.

310 3959 356 4029 170)
375 3959 443 4016 Cum
468 3961 520 4017 loci
538 3961 724 4032 topographici
750 3966 776 4016 et
794 3961 966 4032 geographici
993 3978 1023 4017 ex
1049 3965 1124 4033 parte
1149 3979 1201 4018 non
1227 3961 1306 4018 facile

238 4033 371 4120 distingui
390 4054 506 4121 possent,
525 4052 630 4106 numeri
650 4051 736 4106 obiter
755 4052 902 4122 computati
922 4054 993 4107 sunt.
