3258 4724
696 293 916 358 -14-

275 491 325 558 Ps.
350 491 488 578 Scymn.:
522 495 584 559 119
608 511 674 575 sqq.
699 493 869 558 Herculeae
892 481 1050 558 columnae
1073 494 1157 570 cett,
1185 491 1246 557 199
1270 510 1336 574 sqq.

274 601 386 681 lbereS,
417 601 568 684 Bebryces
590 601 622 664 iu
646 599 892 677 mediterraneis,
920 599 1076 682 Ligures
1100 598 1138 663 ad
1162 617 1248 663 oram
1272 619 1337 664 ma-

273 707 420 774 ritumam
445 726 523 774 cum
547 705 769 791 Iberibus²²l
793 705 1008 790 coniuncti²³),
1041 705 1252 785 Rhodanus,
1277 706 1338 772 Li·

274 833 383 900 gures
407 815 491 893 soli,
516 814 640 898 Pelasgi
663 815 891 898 Tyrrheniquo3
919 813 1019 880 strab.
1043 813 1076 878 ll
1099 814 1204 891 5,19:
1228 811 1338 900 εἴρηται
1373 891 1377 897 ¹

275 922 316 996 δέ,
340 919 384 984 ὅτι
407 920 488 1008 ἀρχὴ
512 922 595 985 τοῦδε
619 930 669 985 τοῦ
691 923 804 986 κόλπου
835 921 869 1006 (i.
894 941 919 988 e.
943 922 1038 986 maris
1065 921 1194 1007 interni)
1223 917 1298 984 ἐστὶν
1321 919 1337 984 ὁ

273 1033 351 1092 κατὰ
378 1033 432 1101 τὰς
460 1027 571 1116 στήλας
599 1032 751 1116 πορθμός·
776 1067 818 1078 -—
842 1027 966 1113 ὁρίζεται
989 1026 1015 1092 δ’
1037 1025 1072 1092 ἐκ
1095 1033 1147 1114 μὲν
1170 1037 1220 1092 τοῦ
1244 1029 1338 1102 δεξιοῦ

274 1138 400 1219 πλευροῦ
420 1147 455 1222 τῇ
472 1134 591 1223 Λιβυκῇ
611 1137 743 1222 παραλία,
758 1143 847 1224 μέχρι
862 1137 1074 1224 Καρχηδόνος,
1097 1135 1132 1200 ἐκ
1155 1137 1187 1200 δὲ
1210 1140 1338 1222 θατέρου

274 1255 309 1328 τῇ
333 1267 363 1306 τε
380 1240 510 1330 Ἰβηρικῄ
534 1247 585 1307 καὶ
605 1255 640 1329 τῇ
657 1243 815 1330 Κελτικῇ
836 1247 914 1308 κατὰ
930 1243 1079 1328 Νάρβωνα
1094 1247 1144 1308 καὶ
1160 1241 1338 1306 Μασσαλίαν

274 1355 570 1436 torpescentem
587 1350 799 1436 Λιγυστικῇ,
823 1353 974 1436 τελευταία
995 1352 1028 1414 δὲ
1047 1363 1082 1436 ορ
1099 1347 1227 1436 ’Ἰταλικῇ
1249 1357 1338 1436 μέχρι

274 1467 323 1522 του
347 1455 499 1521 Σικελικοῦ
522 1461 675 1544 πορθμου;
701 1460 781 1524 ΡΙὶυ.
799 1481 828 1526 n.
846 1461 893 1524 h.:
919 1461 967 1524 lll
994 1463 1007 1524 l
1030 1458 1077 1544 (2)
1098 1477 1162 1541 sqq.
1187 1459 1338 1541 Hispania

274 1567 414 1644 ulterior,
445 1566 486 1630 Η.
512 1566 645 1646 citerior,
677 1566 814 1632 Gallia
842 1565 1007 1648 provincia,
1039 1567 1058 1630 5
1084 1565 1131 1649 (6)
1157 1566 1249 1631 Italia
1272 1566 1292 1629 i.
1311 1585 1335 1630 e.

275 1673 461 1757 Ligures,
487 1673 618 1750 Etrusci,
642 1676 731 1750 cett.;
756 1673 882 1756 Dionys,
903 1691 966 1755 per.
985 1675 1044 1738 281
1065 1691 1146 1756 sqq.:
1170 1673 1338 1738 Herculeae

274 1781 445 1856 colummae,
470 1780 584 1858 iberes,
609 1780 796 1864 Pyrrheuaei
818 1783 947 1857 montes,
972 1779 1114 1862 Celtae,
1139 1761 1337 1844 Rhodanus

274 1885 464 1974 (Eridanus),
489 1886 650 1970 Tyrrheni,
674 1886 785 1968 quibus
806 1886 962 1970 Ligures
986 1906 1104 1971 quoque
1125 1887 1339 1969 comprehendi

274 1994 426 2072 videntur,
443 1994 501 2058 nisi
517 1995 596 2059 forte
613 2013 663 2060 eos
678 2012 848 2059 memorare
865 1993 995 2076 scriptor
1012 1995 1125 2059 oblitus
1142 1997 1203 2071 est;
1229 1994 1337 2062 Auden.

274 2120 318 2166 or.
335 2121 429 2166 mar:
454 2101 651 2188 iberiae),
676 2101 762 2168 ouius
786 2101 949 2184 descriptio
974 2122 991 2168 a
1013 2102 1160 2169 columnis
1176 2103 1337 2168 Herculeis

273 2209 380 2292 incipit
396 2211 438 2293 (ν.
456 2211 497 2276 86
515 2212 546 2274 et
562 2209 651 2294 341),
676 2208 909 2288 Rhodanus,
933 2208 1103 2295 Ligures
1126 2209 1167 2294 (ν.
1187 2213 1249 2276 608
1266 2213 1336 2296 νο).

341 2317 424 2382 Ηυοο
447 2320 519 2382 sunt
542 2317 689 2400 exempla,
720 2337 797 2400 quae
828 2317 866 2382 ad
894 2318 1049 2401 Europam
1073 2319 1244 2402 pertinent;
1274 2319 1336 2382 iam

274 2424 376 2506 qualia
399 2426 471 2488 sunt
494 2443 539 2502 ea,
564 2443 640 2508 quae
663 2423 702 2488 ad
725 2424 833 2489 Asiam
857 2427 1018 2507 spectant?

340 2531 401 2595 Vll
425 2533 491 2610 4,1
522 2528 552 2594 ui
576 2531 608 2594 δὲ
631 2528 660 2595 ἐν
683 2541 747 2603 ταῖς
769 2537 868 2618 νήσοις
895 2528 964 2595 εἰσὶν
979 2529 1083 2595 Ἰώνων
1105 2534 1213 2607 πόλεις,
1237 2530 1338 2619 Σάμος

273 2635 293 2724 r‘y
314 2634 405 2721 ὑπὲρ
426 2635 616 2725 Μυκάλης
635 2641 687 2701 καὶ
702 2637 777 2709 Χίος
792 2635 811 2725 ἡ
829 2636 990 2724 ἀπαντικρὺ
1004 2648 1055 2702 του
1071 2637 1234 2726 Μίμαντος.
1263 2641 1338 2706 haec

274 2744 367 2810 verba
383 2744 516 2830 legimus
531 2745 563 2808 in
578 2745 724 2811 historico
741 2765 877 2823 excursu,
902 2747 954 2830 qui
970 2749 1018 2812 est
1033 2746 1070 2811 de
1088 2745 1196 2812 lonicis
1212 2747 1337 2812 coloniis

273 2852 305 2916 in
329 2872 414 2918 oram
439 2852 535 2918 Asiae
562 2852 689 2918 minoris
718 2852 855 2920 deductis
884 2853 959 2938 (Vll
982 2854 1158 2934 2,1-Vll
1183 2853 1227 2940 6).
1267 2874 1338 2920 eum

273 2959 324 3024 hic
347 2960 463 3025 insulae
486 2963 557 3026 ante
581 2979 666 3026 oram
690 2961 766 3026 sitae
788 2961 895 3028 Samos
919 2966 950 3028 et
974 2961 1067 3028 Chios
1090 2960 1214 3046 (Vlld,
1234 2964 1266 3047 1)
1287 2981 1337 3027 ao-

274 3067 466 3133 ouratissime
490 3071 521 3134 et
544 3068 612 3134 loca
634 3068 802 3133 marituma
823 3068 855 3132 in
879 3068 1053 3134 universum
1074 3071 1157 3134 certe
1177 3069 1338 3134 ameridie

274 3174 312 3239 ad
334 3175 553 3257 septentriones
571 3177 789 3261 enumerentur
799 3173 848 3259 ²⁴),
873 3175 1014 3258 apertum
1039 3178 1084 3240 est
1107 3175 1295 3260 periegetam
1320 3195 1337 3241 a

274 3282 401 3347 meridie
424 3282 463 3348 ad
491 3283 713 3366 septentriones
736 3281 923 3366 migrantem
947 3303 978 3348 se
1006 3283 1121 3368 lingere
1149 3285 1208 3360 ita,
1240 3286 1275 3349 ut
1302 3303 1337 3348 ex

274 3390 395 3474 Mycale
407 3377 831 3458 monteSamum'transeat:
845 3391 889 3456 sic
901 3392 1005 3456 trans
1015 3391 1157 3475 Mycalen
1167 3389 1335 3456 Samosest.

346 3603 380 3671 ⁹⁸)
399 3602 440 3662 Cf.
458 3603 549 3658 Muell.
568 3619 658 3672 geogr.
678 3602 725 3658 Gr.
744 3603 806 3657 min.
826 3601 887 3657 ndu.
907 3603 941 3658 ad
959 3619 984 3658 v.
1003 3604 1063 3660 206.

346 3692 380 3760 ¹²⁴)
399 3691 454 3746 VIl
467 3693 492 3758 2,
511 3693 647 3747 4—-Vll4
665 3694 693 3747 ct
710 3693 764 3747 Vll
778 3695 803 3758 5,
825 3695 854 3747 l:
873 3693 982 3748 Miletus
995 3709 1053 3747 cum
1066 3692 1198 3762 Didymis,
1218 3692 1337 3762 Ephesus

274 3783 368 3837 statim
386 3782 532 3848 nominata,
551 3786 582 3837 ut
595 3781 723 3853 Ephesiae
741 3779 890 3837 Artemidis
908 3781 1037 3852 ternplum
1050 3781 1193 3850 Didymaei
1206 3782 1337 3852 Apollinis

274 3873 372 3942 templo
397 3875 486 3942 posset
511 3875 599 3927 aetate
623 3872 731 3942 opponi,
757 3870 847 3942 Myos,
871 3871 978 3935 Priene,
1007 3869 1143 3941 Colophon
1168 3888 1228 3928 cum
1252 3870 1336 3934 Claro,

274 3960 401 4026 Lebedus,
422 3961 494 4026 Teos,
514 3960 652 4031 Erythrae,
673 3960 852 4028 Clazomenae,
871 3960 998 4024 Phocaea,
1010 3961 1126 4031 Smyrna
1138 3965 1269 4031 postremo
1282 3961 1337 4013 loco

273 4050 369 4120 posita,
388 4050 513 4119 quoniam
532 4049 605 4119 prius
625 4049 728 4104 Aeolica
748 4053 805 4104 erat
824 4050 933 4105 colonia.
