3258 4724
622 246 842 308 ..35-

203 442 347 510 editionis
376 461 450 512 urae
471 440 570 510 indice
593 461 618 508 s.
641 461 672 508 v.
694 441 866 526 Pergamus
888 437 991 524 ‘supra
1014 437 1151 508 cniaum'
1173 441 1268 510 inten-

200 552 342 632 pretatns
357 549 408 616 sit.
424 545 485 614 ‘am
496 543 627 616 Kaikus'
641 547 808 634 indiligens
824 547 979 616 aonuersio
995 550 1051 616 est.
1067 549 1149 632 quod
1163 551 1268 634 numm

201 654 402 741 ‘jenseitsdes
413 651 545 723 Kaikus’
557 655 700 734 uertitur,
716 655 748 721 id
759 657 828 722 tum
844 655 970 724 demum
984 657 1067 723 reete
1083 675 1115 724 se
1129 656 1267 736 haberat,

200 764 226 832 si
249 764 422 850 pernegare,
451 763 483 830 ie
506 763 588 846 quoe
610 756 669 830 non
693 762 784 842 feeit,
815 763 960 850 Pergami
982 763 1077 830 situm
1101 763 1139 830 ab
1170 764 1269 832 altera

199 871 284 938 Osioi
307 871 374 955 ripa
397 871 624 954 contemplatus
645 870 805 938 indicaret.
837 870 913 936 itam
936 871 967 938 in
995 890 1098 938 errore
1125 872 1267 938 versatur

200 979 361 1063 Ruegerus
384 978 405 1044 l.
429 977 452 1044 l.
476 999 508 1062 p.
525 980 578 1058 50,
602 977 655 1060 qui
681 979 715 1044 et
736 977 787 1044 hie
814 979 846 1044 et
875 977 944 1044 aliis
973 978 1050 1044 loeis
1076 974 1148 1062 ὑπὲρ
1177 997 1268 1062 prae·

198 1085 343 1170 positioni
372 1085 528 1152 notiomm
552 1081 708 1152 ‘nordlieh‘
737 1084 906 1152 subieetam
936 1104 1001 1154 esse
1030 1087 1137 1169 putatr
1169 1103 1267 1169 neque

197 1193 279 1260 enim
302 1192 465 1276 quicquam
486 1192 568 1276 apud
591 1191 771 1276 scriptorem
794 1191 960 1271 inuenitur,
984 1211 1020 1260 er
1039 1209 1099 1275 quo
1123 1191 1265 1258 condedi

197 1299 295 1383 possit
318 1318 387 1366 eum
409 1298 517 1366 tabule
538 1299 746 1385 geographiae
774 1318 793 1364 a
815 1298 944 1366 meridie
972 1299 1012 1364 ad
1041 1298 1264 1383 septentriones

199 1426 305 1476 versus
327 1406 449 1474 (tereste
471 1425 562 1473 usum
584 1425 658 1476 eme.
688 1425 761 1474 narn
784 1406 863 1489 quod
887 1405 1034 1490 Pergami
1056 1406 1134 1474 situs
1157 1425 1176 1473 a
1198 1405 1267 1490 ripa

198 1515 282 1588 Caini
304 1513 441 1582 fluminis
462 1513 493 1580 in
518 1514 738 1599 septentriones
760 1513 928 1598 spectantis
951 1532 1022 1580 eum
1044 1512 1179 1598 Ruegeri
1199 1525 1280 1581 sen-'

197 1623 297 1690 tentia
319 1621 473 1707 eongruit,
502 1621 536 1687 id
559 1621 617 1689 soli
640 1621 725 1688 easui
747 1620 946 1690 tribuendum
968 1623 1034 1700 eet;
1064 1619 1096 1686 id
1126 1619 1208 1704 quod
1231 1639 1267 1686 er

197 1730 272 1796 luein
295 1729 381 1796 velut
404 1728 451 1795 IX
467 1730 557 1809 22,6
584 1725 614 1793 ἐν
637 1726 732 1813 Νάξῳ
754 1739 790 1814 τῇ
813 1724 899 1813 ὑπὲρ
923 1726 1045 1812 Πάροο
1072 1731 1191 1814 κειμένῃ
1218 1727 1265 1793 in·

197 1836 369 1921 terragium,
382 1831 1265 1918 ubieodemiure‘ostliehvonPeros’verterepoesumua

197 1946 224 2012 si
246 1942 387 2010 tabulam
414 1941 654 2027 geographieam
688 1942 727 2008 ab
758 1959 864 2010 ooeasu
895 1942 935 2008 ad
964 1944 1067 2008 ortum
1097 1942 1143 2008 ila
1172 1941 1266 2008 luisse

197 2051 351 2118 demetam
374 2049 555 2127 statuimus,
585 2051 623 2116 ut
645 2052 733 2116 ortus
755 2067 848 2132 supra
870 2051 902 2116 et
924 2067 1048 2116 occasus
1070 2049 1151 2116 infra
1174 2051 1264 2115 esset.

198 2159 293 2224 immo
315 2156 418 2240 potius
441 2175 559 2240 supra
582 2153 779 2242 (eberhalbl
804 2155 929 2224 Geinum
955 2157 1077 2236 flumen,
1101 2156 1123 2221 i.
1139 2174 1165 2223 e.
1182 2155 1266 2222 Caici

202 2265 330 2343 uallem,
364 2263 534 2349 Pergamus
566 2263 626 2330 sita
656 2265 723 2329 enat
754 2263 786 2328 in
820 2263 977 2330 cacumine
1012 2266 1043 2329 et
1075 2263 1114 2330 ad
1147 2261 1265 2329 radices

202 2373 320 2451 montis,
343 2371 397 2454 qui
420 2371 583 2438 ePindaso
606 2373 712 2438 monte
735 2370 775 2438 ad
797 2370 955 2437 meridiem
969 2369 1001 2435 in
1019 2369 1104 2436 Osioi
1119 2387 1264 2454 eampum

199 2478 360 2562 proenrrit.
382 2477 422 2547 ef.
435 2477 561 2546 Gmtius
575 2473 732 2564 ‘Bettrege
748 2499 774 2546 u.
787 2476 898 2544 Geseh.
915 2498 945 2543 u.
959 2478 1093 2562 Popogr.
1106 2471 1265 2557 Kleinas.’‚

198 2764 297 2820 proque
309 2745 453 2803 Γονόεσσαν
466 2744 660 2800 restituendum
673 2761 729 2800 esse
739 2744 884 2797 Δονόεοοαν
897 2743 1008 2800 oensuit.
1022 2741 1264 2810 etPaus.1125‚5

196 2835 308 2908 Ὀρνεὰς
327 2834 354 2887 δέ
372 2867 416 2902 -,
436 2834 520 2906 ὥσπερ
535 2840 570 2904 τῷ
584 2834 654 2906 τόπῳ
668 2839 717 2904 τῆς
735 2832 861 2906 Ἀργείας
884 2831 994 2898 ἔκειντο,
1013 2832 1082 2885 οὕτω
1102 2832 1146 2885 καὶ
1165 2832 1192 2884 ἐν
1209 2838 1265 2896 τοῖς

196 2925 267 2979 ἔπεσι
285 2926 410 2997 προτέρας
427 2923 448 2995 ἢ
466 2921 600 2977 Φλιοῦντά
618 2943 645 2976 τε
664 2922 710 2992 (=
720 2921 913 2995 Ἀραιθυρέαν)
931 2923 975 2975 καὶ
992 2920 1112 2975 natasse
1130 2919 1265 2984 κατέλεξεν

195 3018 246 3085 (se.
265 3013 402 3087 Ὅμηρος)
428 3015 508 3070 =11.
527 3014 625 3070 11571
645 3030 684 3083 sq.
701 3011 823 3084 Ὀρνειάς
848 3011 872 3064 τ’
896 3010 1013 3083 taiperto
1036 3009 1218 3083 Ἀραιθυρέην
1241 3009 1264 3064 τ’

196 3105 330 3178 ἐρατεινὴν
349 3104 392 3158 καὶ
410 3102 529 3159 Σικυῶν’.
548 3105 616 3159 item
634 3106 736 3175 septem
755 3101 842 3167 nrbes,
862 3119 928 3174 quos
946 3103 1111 3172 Agamemno
1129 3100 1263 3156 reconsili-

197 3195 297 3250 ationis
316 3210 396 3249 eausa
414 3210 442 3248 se
461 3193 561 3250 Achilli
579 3193 706 3248 daturum
725 3191 864 3264 pollicetur
884 3192 927 3262 (ll.
946 3189 986 3246 IX
1007 3190 1058 3246 150
1075 3189 1155 3261 sqq.),
1175 3206 1264 3244 seeun-

196 3287 261 3343 dum
273 3285 436 3342 Pausaniam
449 3283 539 3341 eodem
552 3284 630 3355 plane
648 3283 739 3339 ordine
757 3300 785 3339 ιο
802 3282 946 3353 excipiunt,
965 3297 1017 3351 qno
1035 3279 1104 3350 apud
1118 3277 1263 3334 Homerum

197 3372 458 3446 (raus.11126‚r;
478 3371 1030 3440 aaa1v30,1;ae,a;31‚1;34,5;
1050 3370 1136 3436 35,1;
1160 3369 1193 3424 ef.
1211 3368 1265 3423 En·

197 3465 290 3521 manni
308 3463 415 3534 ‘Ganga
428 3462 599 3521 Hemerstud.
612 3463 631 3518 i.
643 3461 741 3530 Pana',
761 3462 890 3518 Pleekeis.
902 3459 995 3518 Jahrb.
1010 3459 1078 3516 1884
1091 3477 1117 3530 p.
1131 3457 1184 3516 498
1197 3458 1249 3529 sq.)
1256 3480 1263 3525 r

197 3555 282 3611 ueluti
301 3554 437 3626 periegeta
455 3553 492 3608 IV
505 3554 577 3619 31,1
601 3551 759 3610 Antheam
778 3551 948 3608 Homericam
967 3549 1077 3605 eandem
1093 3551 1172 3619 putat
1184 3550 1265 3619 atque

197 3643 334 3709 Phariam,
355 3659 413 3698 eura
432 3641 529 3698 Strabo
546 3641 616 3698 VIII
635 3643 691 3708 4,5
710 3641 742 3710 (i.
756 3658 777 3696 e.
791 3637 978 3712 Apollodorum
998 3639 1032 3694 cf.
1050 3637 1180 3694 Enmann.
1199 3635 1217 3692 1.
1230 3634 1264 3708 ο.)

195 3737 289 3791 eontra
315 3731 389 3788 nulla
409 3729 540 3787 HomerIei
566 3730 666 3785 ordinis
689 3730 797 3793 ¹tertione
821 3728 917 3785 habita
940 3729 1078 3798 Aepeam
1096 3725 1264 3782 Homericum

196 3825 303 3894 propter
321 3821 495 3892 principalem
514 3821 630 3876 nomInis
648 3819 785 3875 notionem
803 3818 957 3876 recentioris
970 3818 1086 3872 Thuriae
1098 3817 1157 3871 loeo
1169 3817 1263 3886 ponat:

195 3911 217 3986 ἡ
237 3909 260 3964 δ’
275 3907 370 3964 Αἴπεια
389 3917 433 3964 νῦν
446 3909 546 3982 Θουρὶα
565 3907 690 3966 καλεῖται.
712 3935 742 3945 -
761 3905 862 3980 ἵδρυται
882 3905 904 3959 δ’
924 3903 1068 3978 taliterne
1087 3902 1203 3977 ὑψηλοῦ,
1216 3901 1263 3976 ἀφ’

198 3994 229 4054 οὗ
249 3996 433 4072 retroierunt.

1048 4101 1086 4157 3*
