3258 4724
294 1371 398 1486 Oura
422 1421 496 1485 aute
518 1418 575 1485 bos
589 1422 737 1503 quattuor
759 1437 854 1486 anuos
876 1415 1090 1488 aBernhardo
1104 1413 1287 1496 Schmidtio,

218 1529 415 1610 praeceptore
443 1546 531 1604 meo,
565 1527 643 1593 mibi
675 1528 868 1611 propositum
898 1531 993 1606 esset,
1026 1529 1062 1593 ut
1093 1527 1125 1592 iu
1157 1527 1221 1592 rim
1252 1547 1288 1593 ac

218 1637 405 1717 potestatem
434 1634 706 1718 praepositionum,
737 1635 849 1719 quibus
875 1635 1045 1702 Pausanias
1075 1633 1233 1719 periegeta
1255 1635 1286 1699 iu

219 1742 359 1808 looomm
381 1745 713 1826 monumentorumque
739 1742 996 1826 descriptionibus
1019 1743 1059 1810 ad
1083 1741 1286 1808 definiendum

218 1849 313 1915 situm
329 1851 377 1915 uti
391 1849 610 1927 consuevisset,
633 1869 726 1933 quam
743 1850 973 1917 accuratissime
989 1849 1184 1933 inquirerem,
1208 1848 1287 1915 hane

218 1957 408 2040 prouinciam
431 1959 522 2023 tauto
543 1957 690 2024 libentius
712 1958 840 2042 suscepi,
870 1959 986 2041 quanto
1010 1958 1079 2040 plus
1106 1957 1177 2024 iude
1198 1958 1286 2023 utili·

218 2065 295 2129 tatis
323 2085 385 2131 non
414 2065 515 2130 solum
542 2064 583 2130 ad
612 2065 709 2147 ipsius
737 2065 897 2148 scriptoris
923 2065 1127 2132 elocutionem
1158 2068 1189 2130 et
1217 2066 1287 2131 uui·

219 2190 339 2238 versam
354 2171 482 2238 illorum
496 2161 672 2254 temporum
684 2172 884 2257 graecitatem
897 2171 1017 2256 plenius
1032 2173 1284 2256 cognoscendam,

219 2298 325 2344 verum
342 2279 435 2346 etiam
451 2279 492 2344 ad
507 2282 641 2345 ueterem
655 2279 801 2346 Graeciae
816 2280 1064 2364 topographiam,
1081 2299 1158 2363 quae
1173 2299 1286 2364 magna

218 2405 255 2451 ex
279 2389 366 2469 parte
387 2387 419 2452 in
442 2388 596 2454 Pausania
619 2391 702 2453 recte
722 2387 881 2454 intellecto
904 2388 1006 2471 posita
1028 2391 1084 2466 est,
1114 2387 1284 2454 redundare

216 2514 304 2578 posse
327 2495 506 2562 sentiebam.
542 2515 632 2579 quem
656 2496 687 2561 iu
710 2496 849 2562 laborem
872 2495 947 2561 dum
969 2495 1123 2577 incumbe,
1147 2495 1285 2578 pervenit

216 2602 248 2666 in
284 2622 394 2668 munus
426 2623 511 2670 meus
544 2603 719 2670 ‹limertatio
754 2604 953 2688 Itrlangensis
987 2604 1114 2670 Antonii
1147 2603 1283 2688 Ruegeri

216 2729 297 2776 auno
315 2712 401 2778 1889
415 2711 584 2795 publicata,
607 2730 685 2795 quae
706 2708 774 2777 ‘Die
787 2710 1020 2795 Prapositionen
1040 2711 1089 2776 bei
1104 2706 1283 2777 Pausanias'

215 2816 404 2898 inscribitur,
419 2818 576 2902 subiitque
589 2819 729 2885 animum
744 2821 856 2898 metus,
880 2839 917 2885 ne
932 2819 996 2885 iam
1014 2819 1101 2902 copia
1116 2817 1282 2884 disserendi

217 2925 295 2990 mibi
325 2930 489 3010 praecepta
517 2929 607 2994 esset.
646 2927 699 2992 sed
729 2946 799 2993 mor
828 2927 994 2994 veritatem
1023 2927 1089 2992 noti
1118 2926 1281 3010 proverbii,

216 3033 308 3115 quod,
338 3033 400 3099 duo
431 3034 457 3099 si
485 3035 602 3100 faciam
632 3034 724 3117 idem,
757 3037 850 3120 neget
879 3034 963 3100 idem
994 3053 1069 3118 esse,
1101 3035 1195 3100 etiam
1224 3034 1283 3098 boc

216 3141 356 3226 exemplo
385 3141 618 3226 comprobatam
647 3143 720 3208 vid'c
758 3143 873 3208 etenim
894 3142 1065 3227 Euagorae,
1095 3161 1282 3226 quamquam

216 3267 246 3330 p.
264 3250 285 3313 3
305 3267 324 3312 a
339 3248 513 3314 rationibus
526 3248 756 3331 topograpbicis
770 3249 810 3314 ad
825 3267 950 3332 operam
965 3266 1053 3314 suam
1068 3267 1101 3315 se
1116 3248 1282 3314 deductum

216 3373 281 3420 esse
302 3355 475 3438 profitetur,
503 3359 607 3422 tamen
629 3356 661 3421 iu
684 3356 752 3439 ipsa
773 3356 1031 3423 commentatione
1052 3356 1095 3422 sie
1117 3375 1182 3422 rem
1205 3356 1281 3440 egit,

216 3466 252 3528 ut
273 3461 338 3527 illis
360 3481 455 3545 paeue
477 3463 563 3528 nullo
585 3463 677 3528 modo
708 3464 854 3547 respectis
876 3464 909 3530 iu
930 3463 1100 3530 tractandis
1122 3463 1175 3542 eis,
1205 3483 1283 3546 quaa

217 3569 338 3653 proprie
361 3570 399 3635 ad
422 3571 664 3654 grammaticam
678 3571 844 3654 pertinent,
869 3573 932 3637 tere
954 3571 1167 3654 acquiesceret.
1201 3571 1283 3654 quod

218 3697 288 3742 eum
311 3677 358 3742 ita
372 3679 423 3756 sit,
448 3677 500 3761 qui
515 3679 725 3761 quaestionem
740 3679 777 3744 de
792 3677 1071 3762 praepositionibus
1085 3679 1177 3745 locali
1192 3698 1281 3744 seusu

217 3804 236 3850 a
259 3783 413 3852 Parmauia
435 3785 583 3852 adhibitis
605 3786 788 3852 retractabit
810 3788 863 3866 sic,
886 3790 923 3852 ut
945 3787 1039 3852 simul
1062 3787 1156 3852 etiam
1179 3807 1282 3853 rerum

217 3891 256 3956 ab
270 3911 306 3957 eo
318 3891 383 3959 sive
394 3897 705 3960 commemoratarum
717 3894 781 3960 sive
797 3895 1018 3979 descriptarum
1030 3894 1119 3976 plene
1131 3895 1283 3960 rationem

217 3999 339 4081 habeat,
356 4019 425 4066 eum
441 4021 566 4085 operam
581 4001 665 4068 baud
677 4002 867 4084 perditurum
882 4020 946 4067 esse
961 4000 1103 4066 arbitror.
1127 4002 1159 4066 in
1175 4003 1283 4086 primis

218 4109 321 4172 autem
351 4107 464 4192 dignus
493 4112 542 4172 est
571 4109 623 4191 qui
652 4109 751 4175 denuo
773 4111 976 4192 investigetur
1001 4129 1075 4174 usus
1098 4109 1179 4191 apud
1201 4111 1283 4174 bunc

1068 4235 1083 4287 1
