3258 4724
694 295 922 358 ...16-

280 490 356 572 nica,
380 491 466 558 ouius
489 511 537 558 res
561 493 665 575 gestae
688 491 836 558 hocloco
860 494 1052 571 enarrantur,
1077 491 1215 574 spectata
1231 489 1343 557 Lesbos

279 618 338 667 non
354 599 437 666 ultra
452 599 623 678 Aeolidem,
647 598 700 664 sed
723 598 803 666 citra
825 601 885 676 est;
909 599 1016 682 itaque
1040 598 1090 664 hio
1113 616 1233 682 quoqne
1249 617 1367 682 aeque-

279 726 315 773 ac
338 707 412 774 locis
435 726 527 791 supra
550 707 693 773 tractatis
717 706 846 791 scriptor·
869 705 960 772 Lesbi
983 706 1078 774 situm
1101 705 1288 791 significavit
1308 709 1344 772 nt

279 815 400 898 aliquis,
424 815 476 898 qui
498 834 551 898 per
573 833 657 880 oram
677 814 767 882 Asiae
789 814 916 880 minoris
936 815 975 880 ab
991 816 1096 880 austro
1113 815 1155 880 ad
1168 815 1343 897 aquilonem

278 924 432 1006 profectus
454 922 582 989 Aeolide
609 921 672 989 sive
701 923 788 1004 plene
817 923 880 988 sive
907 942 944 989 ex
971 926 1058 1005 parte
1081 923 1246 1008 peragrata
1269 921 1343 988 Les-

278 1031 353 1096 bum
376 1031 529 1096 transit.
1202 1047 1206 1052 ·

346 1139 376 1204 X
399 1141 467 1219 9,9
501 1135 555 1200 eloi
583 1137 615 1200 δὲ
643 1133 712 1213 οἵδε,
733 1135 872 1222 Ἄρακος
903 1141 954 1223 μὲν
982 1141 1032 1202 aori
1055 1135 1228 1224 Ἐριάνθης,
1252 1133 1268 1200 ὁ
1292 1140 1343 1222 μὲν

279 1243 373 1310 αὐτῶν
396 1242 431 1308 ἐτι
454 1242 690 1330 Λακεδαίμονος,
723 1242 739 1308 ὁ
768 1245 800 1308 δὲ
823 1243 983 1332 Ἐριάνθης
1006 1243 1147 1317 Βοιώτιος
1169 1244 1224 1284 ***
1250 1241 1344 1330 ὑπὲρ

279 1362 343 1417 τοῦ
372 1351 582 1437 Μίμαντος,
612 1349 745 1416 ἐντεῦθεν
773 1356 826 1437 μὲν
845 1349 1061 1440 Ἀστυκράτης,
1092 1352 1161 1416 Χῖοι
1188 1353 1220 1415 δὲ
1243 1350 1344 1439 Κηφι-

279 1460 391 1546 οοιιλης
407 1462 458 1522 καὶ
473 1456 677 1547 Ἑρμόφαντός
699 1481 728 1522 τε
748 1463 800 1522 καὶ
814 1456 947 1532 ‘latorem
983 1460 1022 1525 ad
1038 1461 1116 1526 huno
1131 1461 1234 1526 locum
1250 1478 1343 1524 auno·

278 1570 347 1632 tant
373 1569 405 1631 in
437 1566 570 1632 editione
593 1566 700 1631 critica
725 1565 801 1632 SW:
836 1563 985 1632 ‘lacunam
1017 1567 1073 1633 alii
1104 1568 1194 1633 aliter
1224 1566 1343 1649 explere

279 1674 380 1739 conati
410 1677 495 1738 erint:
531 1671 692 1746 Βοιώτιος·
716 1670 751 1736 ἐκ
780 1674 813 1736 δὲ
841 1684 897 1738 τῶν
927 1671 999 1758 ὑπὲρ
1028 1696 1052 1738 τ.
1076 1673 1150 1760 Μὶρ.
1174 1674 1275 1759 sylb.;
1312 1671 1343 1746 ἐξ

278 1777 433 1866 Ἐρυθρῶν
455 1791 512 1846 τῶν
535 1777 606 1864 ὑπὲρ
630 1789 680 1844 τοο
703 1778 777 1865 Μίρ.
801 1779 854 1856 Κ.;
886 1777 1033 1847 “mutilus
1057 1783 1142 1848 locus
1165 1783 1214 1848 nel
1238 1783 1343 1866 legen·

279 1890 352 1954 dnum
383 1885 560 1960 Γλίσαντος”
586 1888 687 1955 Palm.
712 1887 771 1955 Ms.
804 1907 909 1954 omnes
940 1886 1074 1956 frustra’.
1113 1890 1210 1955 nihilo
1241 1889 1343 1954 minus

278 1996 421 2080 equidem
444 1996 584 2061 lacunam
608 1996 634 2061 ei
656 2015 716 2061 non
741 1997 852 2075 totam,
877 1998 1036 2063 attamen
1060 2017 1095 2062 er
1116 2001 1204 2083 parte
1224 1996 1343 2080 explere

278 2123 365 2188 posse
390 2103 466 2169 mihi
488 2103 603 2170 videor.
639 2104 807 2170 Pausanias
835 2104 916 2169 enim
943 2106 981 2172 ut
1003 2105 1096 2171 Araci
1123 2108 1153 2172 et
1176 2104 1342 2170 Erianthae

278 2212 403 2279 nomina
425 2211 598 2296 praemittit
622 2214 653 2276 et
675 2211 777 2278 verbis
800 2209 816 2274 ὁ
839 2215 891 2297 μὲν
915 2209 1009 2277 αὐτῶν
1031 2211 1103 2275 -ὁ
1127 2213 1159 2276 δὲ
1179 2209 1342 2298 Ἐριάνθης

277 2320 389 2398 iterat,
426 2320 473 2386 ita
504 2321 611 2404 postea
641 2318 811 2401 patriarum
844 2319 968 2386 nomina
999 2320 1164 2386 variandae
1194 2318 1341 2385 nimirum

279 2427 425 2495 orationis
448 2446 539 2492 causa
562 2429 722 2509 antecepta
745 2426 847 2494 verbis
870 2425 1003 2492 ἐντεῦθεν
1018 2431 1071 2514 μὲν
1090 2466 1127 2474 -
1146 2427 1215 2491 Χῖοι
1232 2427 1264 2490 δέ
1279 2427 1343 2492 sine

279 2535 372 2602 dubio
388 2535 509 2618 repetit.
533 2553 551 2598 a
568 2553 626 2617 que
642 2553 713 2600 oum
728 2528 886 2617 praeterea
902 2535 1002 2602 verbis
1019 2532 1158 2619 Ἄρακος
1181 2539 1246 2620 μέν
1269 2536 1342 2600 cett.

279 2641 463 2709 sententiam
485 2661 540 2725 per
561 2642 749 2726 particulam
779 2643 818 2706 δέ
848 2642 1029 2726 respondere
1059 2661 1178 2708 necesse
1207 2642 1259 2722 sit,
1291 2661 1342 2706 on-

279 2751 414 2834 plemus:
431 2747 472 2813 ἐκ
489 2749 528 2812 δὲ
544 2745 787 2837 nasamone)
803 2752 867 2813 ιιιιὶ
884 2749 977 2814 Xteo
994 2760 1055 2838 της
1069 2746 1141 2833 ὑπὲρ
1157 2757 1208 2814 τοῦ
1224 2746 1343 2834 Μίμαν-

350 2983 385 3054 ”)
407 2984 475 3039 Loco
502 2982 612 3039 laudsto
639 2984 745 3038 statuae
774 2981 891 3055 Delphos
918 2981 1054 3040 dedicatae
1078 2982 1342 3038 Lacedaemoniorum

279 3074 471 3144 sociorumque,
496 3074 543 3144 qni
565 3089 671 3143 pugnae
693 3073 727 3128 ad
751 3073 960 3145 Aegospotamos
981 3074 1136 3130 commissae
1156 3073 1341 3138 interfuerant,

279 3164 441 3219 afferuntur:
463 3164 581 3234 primum
599 3161 820 3218 Lacedaemonius
847 3165 873 3218 et
892 3163 1016 3218 Boeotius
1039 3161 1144 3235 (utpote
1168 3178 1198 3216 ex
1217 3161 1343 3217 Graeciae

279 3253 439 3310 continentis
457 3253 613 3309 civilatibus
631 3251 774 3322 maximis),
802 3251 897 3308 deinde
915 3256 975 3323 post
994 3253 1115 3306 lacunam
1135 3251 1215 3306 Asiae
1233 3251 1342 3305 minoris

280 3344 380 3410 Graeci,
399 3343 446 3414 qui
465 3359 546 3413 aeque
564 3346 644 3414 atque
661 3341 825 3397 Euboeenses
843 3360 889 3413 per
907 3341 1007 3397 bellum
1024 3339 1161 3396 aDecelea
1180 3340 1342 3410 appellatum
1411 3403 1415 3414 ⁵

279 3433 306 3487 in
322 3431 585 3488 Lacedaemoniorum
598 3433 686 3502 partes
699 3430 872 3486 transierant:
886 3430 949 3487 Chii
961 3433 1023 3496 tres,
1037 3428 1137 3484 Rhodii
1149 3429 1208 3495 duo,
1222 3428 1341 3493 Cnidius,

279 3521 417 3592 Ephesius,
436 3523 563 3589 Milesius,
587 3520 720 3592 Myndius,
739 3520 852 3586 Samius,
872 3524 930 3575 turn
948 3519 1138 3576 Rabocensinm
1158 3517 1297 3590 Carystius
1315 3521 1342 3573 et

279 3612 444 3681 Eretriensis,
463 3615 522 3668 tum
540 3615 685 3668 ceterorum
703 3607 863 3668 Graecorum
882 3610 916 3666 ab
935 3610 1069 3666 occidente
1087 3607 1276 3673 habitantium,
1296 3609 1342 3678 qui

279 3701 332 3755 iam
350 3701 423 3770 prius
441 3701 707 3758 Lacedaemoniorum
725 3701 790 3756 socii
809 3699 875 3755 laeti
887 3702 975 3756 amnt:
995 3697 1158 3765 Corinthius,
1177 3698 1343 3760 Troezenius,

278 3789 447 3860 Epidaurins,
456 3792 626 3858 Pellenensis,
637 3790 844 3854 Hermionensis,
854 3789 1005 3855 Phocensis,
1014 3788 1186 3857 Megarensis,
1195 3788 1340 3859 Sicyonius,

279 3878 475 3946 Ambraciotes,
500 3880 656 3937 Corinthius
680 3881 788 3946 iterum,
813 3879 976 3945 Leucadius,
1005 3877 1208 3933 Lacedaemonii
1231 3877 1342 3947 deniquo

281 3967 342 4023 dno.
370 3969 460 4039 iisque
479 3987 536 4024 curn
556 3969 714 4027 Graecorum
739 3969 942 4026 occidentalium
967 3967 1062 4024 civitas
1087 3985 1138 4023 non
1164 3967 1234 4023 desit
1255 3969 1339 4033 tanta,

280 4060 311 4112 ut
329 4058 417 4129 prima
436 4059 464 4112 in
483 4059 548 4114 serie
566 4061 629 4130 poni
648 4060 733 4131 possit·
750 4059 794 4128 (cl.
812 4059 892 4113 Thnc.
912 4058 980 4113 Vlll
999 4059 1035 4128 3),
1053 4057 1194 4114 manifesto
1214 4055 1245 4111 de
1264 4055 1342 4111 Asiae

714 4276 896 4367 a?
