3258 4724
770 356 989 414 ..70-

344 547 403 610 huc
427 546 553 621 accedit,
578 545 658 628 quod
682 545 917 630 Ulriehsirrs1⁶⁹l
946 564 1038 628 supra
1062 545 1254 612 Oessotidem
1280 545 1412 630 vestigia

344 654 476 726 Lsschae
491 654 661 735 repperisse
676 653 736 719 sibi
751 653 835 718 risus
851 654 913 730 est3
939 653 977 720 ci.
994 654 1085 718 Burs.
1101 653 1124 717 l.
1141 673 1167 720 ο.
1188 652 1203 715 l
1225 672 1255 734 p.
1275 654 1336 720 177
1354 671 1410 735 sq„

343 761 384 826 H.
409 760 609 844 Pomptorius
632 757 788 844 ‘Beitrtge
812 781 837 824 κ.
859 760 992 844 Topogr.
1016 780 1046 824 ν.
1070 756 1194 844 Delphi'
1215 779 1246 844 p.
1263 762 1305 825 40
1322 779 1367 843 sq.

388 867 420 930 ll
452 869 528 944 3,‚o
560 862 652 949 ὑπὲρ
683 867 823 953 ταυτην
855 871 1009 954 πεποίηται
1038 871 1102 954 τήν
1129 871 1272 954 κρήνην
1301 869 1352 929 καὶ
1378 869 1411 930 τὸ

343 974 525 1058 κοιλοάμενον
555 970 684 1038 Ὠιδεῖον.
720 993 790 1039 cum
823 973 889 1054 via,
923 993 1000 1056 quae
1034 993 1050 1038 e
1083 974 1148 1038 loro
1181 969 1411 1040 Corinthidmm

343 1080 505 1164 Sicyonem
528 1082 675 1160 ducebat,
708 1081 855 1147 sdertra
885 1082 1059 1165 marginem
1082 1099 1170 1146 areae
1193 1080 1348 1159 sublimis,
1379 1081 1411 1145 in

344 1205 405 1268 que
428 1187 594 1254 Corinthus
624 1188 746 1254 condita
777 1191 861 1268 erat,
893 1207 911 1253 a
942 1188 1029 1254 laeua
1058 1187 1176 1253 radices
1199 1187 1413 1254 Acrocorinthi

344 1296 470 1360 haberet
481 1293 546 1379 ¹⁶⁰),
570 1293 687 1360 Odeum
711 1295 749 1360 ad
772 1295 850 1360 hanc
866 1294 947 1360 vium
963 1294 1059 1360 situm
1075 1294 1298 1360 Acrocorintho
1314 1294 1413 1377 appli-

344 1403 448 1466 catum
471 1400 562 1466 fuisso
586 1403 822 1466 consentaneum
846 1402 909 1477 est;
934 1419 1027 1484 quare
1050 1401 1141 1466 facile
1156 1401 1223 1466 fieri
1239 1402 1349 1483 potest,
1374 1403 1430 1481 ut¹

344 1526 435 1591 supra
464 1506 600 1575 Glaucen
629 1509 756 1590 puteum
787 1508 891 1574 fuerit.
926 1508 964 1574 ci.
999 1507 1086 1574 Ourt.
1117 1509 1137 1574 l.
1162 1527 1188 1572 c.
1221 1508 1252 1572 ΙΙ
1283 1527 1313 1590 ρ.
1335 1509 1410 1589 531,

345 1615 433 1682 Burs.
458 1615 480 1678 1.
503 1635 528 1680 c.
553 1614 584 1680 ll
608 1633 638 1696 p.
658 1616 715 1689 16,
746 1614 799 1696 qui
822 1613 940 1680 Odeum
972 1633 1042 1678 curn
1074 1617 1184 1682 ceteris
1212 1614 1357 1698 aedificiis
1379 1615 1411 1678 in

344 1721 450 1786 dextra
474 1722 540 1786 viae
563 1723 650 1802 parte
673 1721 848 1787 collocavit.

412 1829 427 1890 Ι
454 1830 538 1905 14,1
573 1830 637 1890 ναοὶ
668 1815 808 1911 δὲ’ὑπὲρ
839 1831 900 1914 τήν
930 1834 1064 1915 κρήνην
1094 1829 1148 1906 (sc.
1173 1825 1411 1913 Ἐννεάκρουνον)

345 1933 360 1998 ὁ
385 1938 436 2020 μὲν
459 1932 868 2021 superquatuorpartiens
891 1933 1012 2022 Κόρης,
1037 1933 1067 1998 ἐν
1090 1937 1123 1999 δὲ
1146 1947 1186 2020 τῷ
1210 1933 1412 2021 Τριπτολέμου

343 2046 474 2128 κείμενόν
498 2039 571 2106 ἐστιν
595 2041 726 2128 ἄγαλμα.
750 2043 786 2110 de
809 2044 920 2108 horum
943 2045 1130 2126 templorum
1155 2045 1219 2109 situ
1241 2044 1317 2110 nihil
1333 2044 1410 2111 certi

345 2150 405 2215 dici
435 2149 563 2232 poterit,
596 2150 694 2232 quoad
724 2149 761 2216 de
792 2151 854 2216 ista
882 2150 922 2215 ad
949 2151 1183 2218 Enneacrunum
1213 2152 1411 2236 digressione,

347 2275 424 2339 quae
453 2256 581 2334 dicitur,
614 2259 820 2324 controversia
850 2277 908 2324 non
940 2258 999 2325 orit
1026 2259 1187 2342 dirempta.
1212 2259 1250 2324 ci.
1274 2258 1409 2343 Lolling.

346 2364 367 2428 l.
393 2384 418 2432 c.
443 2365 491 2430 lll
514 2386 545 2448 p.
562 2367 627 2432 310
652 2368 683 2431 et
706 2369 769 2432 311
799 2386 869 2432 cum
897 2367 1208 2434 commentationibus
1230 2367 1274 2432 ihi
1297 2366 1409 2444 citatis,

347 2469 564 2538 Weizsaecker.
589 2473 611 2536 1.
635 2493 661 2538 c.
685 2494 715 2556 p.
733 2477 797 2540 606
814 2495 858 2555 sq.

412 2580 456 2644 VI
481 2581 569 2655 2l‚1
597 2577 682 2662 ἑτέρα
706 2580 738 2642 δὲ
761 2579 865 2652 ἔξοδος
887 2577 922 2640 ἐκ
945 2588 995 2644 τοῦ
1019 2586 1177 2665 γυμνασίου
1201 2586 1281 2668 μέρει
1304 2584 1355 2666 μὲν
1378 2580 1411 2653 ἔς

346 2706 376 2748 τε
400 2689 451 2770 τήν
475 2684 585 2768 ἀγορὰν
613 2690 665 2748 καὶΙ
695 2683 740 2748 ἐπὶ
771 2689 818 2750 τὸν
841 2684 1096 2750 Ἑλλανοδικεάνα
1125 2689 1321 2773 καλοάμτνον,
1350 2686 1411 2750 ἔστι

347 2791 380 2854 δὲ
402 2788 485 2875 ὑπὲρ
509 2800 558 2856 τοῦ
582 2788 750 2879 Ἀχιλλέως
773 2796 829 2856 τὸν
852 2797 970 2880 τάφον.
999 2776 1213 2873 ef.v1'21‚3
1242 2791 1327 2880 ὑπὲρ
1350 2805 1410 2859 του

347 2904 529 2985 μνήματος
545 2896 656 2982 ἐρείπια
673 2896 918 2986 οἰκοδομημάτων
935 2900 989 2986 (so.
1007 2900 1106 2988 ἐστίν).
1127 2922 1197 2968 cum
1213 2903 1310 2968 Elidis
1325 2902 1411 2967 urbis

346 3005 551 3088 topographia
575 3005 674 3071 adhuc
696 3007 728 3071 in
753 3007 845 3072 dubio
869 3011 1017 3087 versetur,
1042 3011 1118 3075 nihil
1142 3010 1218 3076 certi
1242 3009 1278 3074 do
1302 3011 1410 3093 portae

345 3111 429 3178 illius
452 3112 514 3177 situ
538 3112 597 3178 dici
620 3116 731 3196 potest.
757 3113 824 3180 uide
848 3113 935 3180 Ourt.
959 3116 982 3179 l.
1006 3135 1031 3182 ο.
1057 3117 1087 3182 11
1111 3139 1141 3201 p.
1160 3121 1211 3195 29,
1236 3117 1326 3182 Burs.
1343 3117 1365 3181 l.
1382 3137 1408 3184 c.
1433 3125 1436 3131 '

346 3219 376 3284 Il
398 3239 431 3302 p.
448 3221 523 3286 304.

412 3327 441 3390 V
467 3331 517 3403 11,
537 3329 554 3392 7
579 3324 625 3390 ἐπὶ
649 3327 681 3390 δὲ
703 3338 763 3400 τοῖς
786 3328 924 3394 ἀνωτάτω
948 3325 997 3393 τοῦ
1014 3333 1122 3414 θρόνου
1146 3331 1241 3412 (Iovis
1258 3331 1409 3419 Olympii)

347 3432 676 3520 recommemorata
698 3432 782 3518 Ῥυκὲρ
805 3440 864 3522 τήν
887 3438 1047 3524 κεφαλήν
1070 3447 1120 3502 του
1137 3435 1310 3522 ἀγάλματος
1325 3449 1409 3503 τοῦτο

347 3546 399 3627 μὲν
416 3541 547 3627 Χάριτας
570 3550 654 3605 τοῦτο
678 3541 710 3604 δὲ
729 3541 834 3626 Ὥρας,
859 3555 934 3627 τρεῖς
958 3542 1109 3629 ἑκατέρας.
1134 3565 1168 3609 ox
1192 3547 1245 3626 eis,
1273 3566 1350 3628 quae
1373 3547 1409 3612 de

346 3649 457 3713 throno
481 3649 563 3713 Iovis
587 3649 724 3734 Olympii
748 3654 838 3716 antea
860 3651 1019 3730 dicuntur,
1053 3651 1176 3718 (iratius
1199 3656 1230 3718 et
1253 3653 1354 3721 Horas
1377 3655 1408 3720 in

345 3755 486 3838 postibus
509 3756 612 3822 throni
635 3757 748 3822 aversis
771 3757 892 3824 stetisse
916 3759 1053 3824 uidemus
1076 3759 1181 3826 eodem
1209 3762 1316 3841 modo,
1348 3781 1408 3844 quo

346 3903 557 3910 ------ι--

419 3989 466 4059 ¹⁵⁹)
486 3988 588 4046 'Reisen
609 4008 634 4044 n.
654 3991 827 4060 Forschung·>
848 3992 861 4045 Ι
881 4010 905 4062 1)·
919 3994 966 4060 393
988 3994 1046 4048 107·

419 4078 462 4148 νη
482 4078 522 4134 of.
543 4079 652 4163 curci.
671 4082 689 4135 1.
709 4081 738 4134 11
759 4100 783 4151 p.
798 4081 857 4139 ssa.
