3258 4724
733 293 927 353 ..g-

365 490 381 552 l
404 490 491 566 35,1
527 498 610 574 νῆσοι
633 487 666 550 δὲ
689 483 864 574 Ἀθηναίοις
887 483 922 550 οἰ)
945 492 1045 570 πόρρω
1073 497 1125 572 της
1152 491 1256 572 χώρας
1284 483 1362 561 εἰσίν,

298 593 387 683 ἡμὲν
403 593 580 679 Πατρόκλου
595 594 775 682 καλουμένη,
798 631 839 642 -
861 594 940 680 ἄλλη
964 593 997 656 δὲ
1019 589 1109 678 ὑπὲρ
1134 590 1289 658 Σουνίου
1312 595 1364 679 τἠν

297 699 435 789 Ἀττικὴν
464 699 493 766 ἐν
523 699 661 787 ἀριστερᾷ
691 701 836 765 πλέουσιν.
882 700 947 766 sins
977 699 1072 767 dubio
1102 719 1173 765 oum
1204 699 1363 765 Siebelisio

298 807 492 876 scribendum
513 812 560 874 est
587 811 639 894 τὴν
658 803 795 895 Ἀττικὴν
822 805 853 873 ἐν
877 805 1014 892 ἀριστερᾷ
1037 805 1295 892 raparationem
1323 808 1362 874 of.

297 918 311 983 l
335 919 396 995 l,l
427 917 478 980 καὶ
499 916 587 1001 λιμήν
607 937 638 978 τε
658 915 892 998 παρατλεὺσαντι
912 918 963 1002 τἠν
979 913 1074 998 ἄκραν
1095 912 1153 978 ἐστί
1173 918 1204 979 et
1227 914 1259 978 ΙΙ
1276 916 1362 992 34,8

298 1025 407 1094 ταυτας
423 1023 479 1109 (sc.
496 1026 550 1094 τὰς
564 1019 751 1106 Ἀριστερᾰς)
773 1023 805 1086 δὲ
820 1023 1058 1108 παραπλώσαντί
1073 1020 1149 1086 ἐστιν
1165 1018 1254 1092 αὖθις
1269 1021 1362 1107 ἄκρου

297 1131 349 1197 sed
372 1131 472 1198 altere
494 1131 630 1196 eiusdem
654 1130 830 1197 coniectura
852 1140 906 1217 τῆς
921 1126 1060 1217 Ἀτιικης
1081 1127 1111 1193 ἐν
1131 1127 1270 1214 ἀριστερᾷ
1292 1129 1363 1192 πλέ-

298 1259 376 1304 ουσιν
405 1238 531 1322 probari
559 1256 617 1304 non
646 1239 759 1321 potest,
790 1237 872 1322 quia,
902 1256 979 1322 quae
1006 1237 1095 1303 laeua
1117 1256 1234 1320 quaeve
1256 1237 1364 1302 dextra

297 1346 420 1412 Atticae
436 1364 490 1411 ora
506 1345 557 1424 sit,
574 1345 639 1412 iure
655 1345 822 1428 quaeritur.
858 1348 1013 1428 utcunque
1030 1347 1132 1410 tamen
1148 1363 1196 1410 res
1212 1363 1243 1410 sc
1259 1344 1362 1422 habet,

298 1455 384 1521 nobis
407 1454 587 1520 vertendum
610 1457 671 1520 est:
700 1450 794 1520 ‘wenn
822 1472 895 1518 man
922 1453 1022 1519 linkcr
1044 1453 1137 1518 Hand
1160 1453 1271 1519 Attila
1293 1453 1362 1518 ent

297 1563 373 1646 lang
395 1560 431 1646 (i.
447 1580 473 1627 s.
490 1580 526 1626 ex
541 1561 609 1626 unu
626 1559 783 1648 Saronico)
799 1557 905 1627 fahrt'.
940 1559 1051 1643 quibus
1073 1560 1174 1626 verbis
1197 1560 1363 1626 accuratis·

297 1670 374 1737 sime
397 1668 471 1734 ordo
496 1668 670 1748 denotatur,
702 1687 761 1751 quo
789 1669 858 1734 loca
885 1668 946 1734 sita
973 1670 1059 1733 sunt:
1091 1668 1191 1734 insula
1214 1666 1362 1745 Patrocli,

297 1777 426 1843 Sunium
450 1776 708 1861 promunturium,
740 1776 851 1842 ultre
878 1776 911 1842 id
941 1776 1058 1842 Helene
1087 1775 1197 1842 insula.
1236 1773 1362 1840 eandem

297 1902 400 1948 rerum
423 1883 461 1948 ab
486 1901 594 1950 occasu
617 1883 656 1949 ed
679 1884 829 1950 orientem
849 1883 1123 1950 enumeranderum
1144 1882 1294 1949 rationem
1314 1880 1361 1946 in·

299 1990 437 2057 venimus
467 1991 547 2074 apud
577 1991 629 2057 Ps.
653 1990 751 2076 Scyl:
783 1993 825 2058 56
850 1991 989 2076 Megara,
1015 1993 1056 2059 57
1081 1990 1202 2056 Attica:
1232 1989 1360 2068 Eleusis,

297 2101 404 2165 contra
420 2117 490 2164 eam
505 2097 646 2176 Salamis,
659 2098 795 2175 Piraeus,
809 2100 958 2180 Athenae,
972 2098 1193 2183 Anaphlystos
1210 2096 1359 2162 Sunium

297 2206 612 2289 promunturium,
643 2205 803 2285 Thoricos,
834 2206 1004 2285 Rhamnes,
1036 2205 1090 2271 alii
1120 2208 1227 2288 portus
1250 2203 1360 2284 Attici,

299 2315 341 2380 58
365 2314 444 2375 κατὰ
467 2311 500 2374 δὲ
522 2315 572 2398 τὴν
592 2307 729 2400 Ἀττικήν
754 2309 807 2376 εἰσι
829 2323 913 2399 νῆσοι
936 2309 967 2375 αἱ
990 2309 1150 2384 Κυκλάδας
1172 2312 1360 2397 καλοίηιεναι,

296 2423 348 2483 καί
369 2420 470 2490 πόλεις
492 2415 555 2482 αἵδε
578 2415 607 2484 ἐν
630 2429 693 2492 ταῖς
715 2425 832 2506 νήσοις·
849 2418 938 2490 Keroe
951 2441 1002 2467 -·
1031 2416 1168 2506 Ἑλένη
1181 2419 1235 2506 15)·
1270 2417 1361 2483 Kos-

296 2547 345 2598 νος
369 2527 440 2602 ott.;
465 2525 541 2590 item
557 2525 638 2608 apud
653 2525 704 2593 Pe.
722 2525 860 2610 Scymn.:
886 2529 951 2593 557
968 2545 1032 2609 sqq.
1050 2525 1192 2607 Salamis,
1209 2527 1359 2605 Athenae,

299 2633 362 2698 566
387 2650 432 2714 sq.
457 2634 494 2694 τὸ
518 2628 660 2696 Σουνιον
683 2636 862 2719 κάμψαντι
885 2629 911 2696 δ’
934 2631 991 2697 ἀπὸ
1015 2643 1068 2720 της
1087 2629 1227 2720 Ἀττικης
1250 2629 1360 2716 Εὔβοια

297 2749 389 2804 κεῖται
411 2749 502 2826 νῆσος
519 2740 649 2824 (ΗοΙουο
664 2742 736 2806 ante
752 2741 908 2807 Euboeam
931 2740 1115 2806 nominanda
1138 2741 1230 2827 erat).
1261 2739 1360 2805 maior

297 2850 344 2913 est
359 2865 428 2912 oum
444 2846 596 2912 Pausania
611 2867 774 2916 consensus
791 2850 872 2930 apud
883 2848 1001 2916 Siren:
1021 2847 1068 2913 IX
1087 2850 1149 2926 l,4
1165 2866 1231 2931 sqq.
1246 2848 1360 2913 Nisaea

296 2955 327 3019 et
350 2953 488 3036 Megara,
513 2957 533 3021 9
556 2958 705 3039 πρόκειται
729 2952 756 3019 δ’
778 2953 846 3019 ἀπὸ
869 2954 1024 3027 Νισαίας
1051 2955 1194 3018 πλέοντι
1221 2950 1272 3027 εἰς
1298 2957 1359 3041 τὴν

297 3056 457 3148 Ἀττικὴν
480 3065 562 3126 πέντε
585 3066 684 3149 νηοῖσι,
705 3059 765 3126 εἶτα
789 3061 931 3149 Σαλαμις,
962 3067 999 3129 ll
1025 3063 1057 3128 in
1080 3063 1249 3129 continenti
1272 3061 1359 3127 Sala·

296 3168 387 3233 minis
415 3187 450 3234 ex
473 3169 598 3235 adverso
623 3169 733 3236 Cerata
760 3173 893 3251 montes,
927 3174 966 3236 12
990 3170 1120 3249 llleusis,
1154 3173 1194 3236 13
1218 3169 1359 3236 Thriasia

296 3274 449 3359 planities,
476 3278 516 3342 14
537 3295 603 3358 sqq.
621 3275 793 3362 Gorydalus
817 3297 915 3359 mons,
938 3277 1102 3362 Psyttalia,
1126 3277 1261 3357 Piraeus,
1286 3278 1358 3344 Mu·

368 3417 399 3486 ¹⁵)
419 3387 508 3472 CtS.
534 3417 655 3472 Muelleri
682 3435 773 3488 geogr.
793 3418 837 3477 Gr.
863 3419 927 3479 min.
953 3419 1043 3474 adnot.
1070 3419 1103 3473 ad
1126 3419 1153 3474 h.
1176 3419 1207 3474 l.:
1234 3418 1304 3476 ‘cum
1329 3422 1358 3476 in

296 3506 387 3561 ceteris
406 3507 499 3561 insulis
518 3507 683 3563 recensendis
707 3511 793 3563 certus
813 3508 921 3579 quidam
947 3511 1010 3565 ordo
1028 3510 1074 3574 sit,
1099 3509 1201 3564 mireris
1220 3510 1357 3576 Helenam,

296 3610 364 3665 quae
383 3593 465 3649 Sunio
483 3597 600 3665 proxime
618 3596 763 3663 adiacebat,
789 3602 849 3668 post
867 3597 949 3654 (lenm
972 3598 1107 3664 collocari,
1132 3615 1165 3654 nc
1184 3597 1271 3654 dicam
1289 3599 1359 3656 hanc

294 3684 409 3738 insulam
427 3685 532 3740 omnino
550 3702 602 3740 non
621 3687 703 3742 solere
723 3686 882 3758 Cycladibus
908 3688 1046 3754 accenseri,
1073 3704 1104 3742 aa
1128 3691 1230 3744 serrata
1251 3688 1357 3744 demum

294 3772 394 3828 Helena
412 3773 575 3828 tralaticium
595 3773 740 3846 Cycladum
758 3792 894 3831 numerum
913 3775 1101 3832 duodenarium
1116 3777 1181 3832 erui.
1208 3781 1307 3844 auctor,
1327 3796 1358 3835 ex

293 3879 343 3932 qno
364 3862 429 3917 haec
453 3861 592 3930 fluxerunt,
617 3864 708 3921 eodem
734 3864 812 3920 modo
836 3882 891 3922 rem
916 3866 1076 3932 instituerit,
1101 3884 1154 3938 qno
1173 3867 1357 3923 Artemidorus

293 3950 364 4018 lacit,
383 3952 430 4021 qni
449 3951 483 4007 ab
502 3953 592 4010 Attica
610 3955 775 4026 proficiscens
793 3955 907 4026 primum
931 3956 1081 4012 nominavit
1099 3957 1236 4025 Helenam,
1262 3958 1357 4015 deinde

293 4057 351 4096 vero
370 4041 404 4096 ad
423 4040 552 4113 Cycladas
570 4060 598 4100 ee
616 4045 754 4102 convertit.
782 4044 842 4102 ride
861 4045 948 4102 Strab.
968 4045 992 4100 X
1011 4063 1036 4116 p.
1055 4045 1126 4102 485³.
