3258 4724
747 289 969 359 ...oc-

756 489 961 575 llrempla.

387 625 418 690 II
440 629 493 705 25,
515 627 534 692 3
567 620 660 708 ὑπὲρ
691 625 723 688 δὲ
750 633 817 710 τῆς
839 621 980 710 Οἰνόης
1007 619 1076 706 ὄρος
1098 619 1171 687 ἐστὶν
1194 615 1386 708 Ἀρτεμίσιον.

320 734 359 799 cf.
384 732 527 800 Curtium
550 734 573 798 l.
589 752 615 799 o.
632 729 664 797 ll
687 751 716 815 p.
733 733 798 797 4l4
822 751 877 814 sq,
902 729 1043 797 Bursian.
1062 729 1084 798 l.
1102 749 1128 796 c.
1146 729 1177 795 ll
1200 749 1231 812 p.
1248 730 1301 796 64.

386 841 419 905 ΙΙ
443 843 496 920 25,
523 842 562 906 10
591 823 651 902 ἔστι
674 838 706 902 δὲ
729 837 798 921 ὄρος
821 834 914 921 ὑπὲρ
937 845 1006 923 τῆς
1028 834 1192 924 Λήσσης
1214 837 1246 899 τδ
1269 831 1387 922 Ἀραχ-

318 956 409 1016 ναῖον.
433 947 472 1014 cf.
489 945 576 1013 Ourt.
593 947 615 1012 l.
633 964 658 1011 o.
676 945 708 1011 Il
732 963 761 1028 p.
779 947 853 1026 418,
878 945 968 1010 Burs.
985 943 1006 1011 l.
1024 964 1049 1009 c.
1068 943 1099 1008 ll
1122 963 1153 1027 p.
1170 945 1223 1010 62.

389 1053 433 1119 IX
469 1055 524 1134 19,
560 1057 579 1120 3
612 1048 707 1137 ὑπὲρ
742 1052 775 1115 δὲ
805 1050 1023 1123 Γλισᾶντός
1052 1047 1126 1115 ἐστιν
1159 1048 1230 1134 ὅρος
1251 1047 1386 1122 Ὕπατος

319 1163 511 1249 καλοὺρενον.
537 1161 576 1229 of.
592 1161 634 1225 Η.
656 1159 697 1225 N.
714 1159 862 1226 Ulriohaii
884 1155 1003 1226 ‘Roisen
1023 1177 1054 1223 u.
1072 1157 1198 1225 Forach.
1214 1157 1236 1224 i.
1252 1153 1385 1224 Griach?

319 1268 352 1334 ΙΙ
376 1287 405 1351 p.
423 1271 464 1334 25
481 1287 558 1352 sqq,
583 1267 724 1332 Bursian.
741 1267 763 1331 l.
779 1287 806 1334 c.
822 1267 838 1330 I
861 1269 898 1349 p.
910 1267 984 1333 216.

387 1375 417 1441 X
440 1377 494 1454 22,
525 1377 545 1441 8
574 1371 705 1459 ἀτραπός
732 1371 792 1438 ἐστι
817 1373 866 1438 διὰ
888 1381 938 1436 τοῦ
962 1370 1050 1457 ὄροος
1073 1382 1126 1460 τῆς
1147 1369 1239 1459 Οἴτης
1261 1374 1314 1456 μία
1333 1373 1385 1456 μὲν

301 1477 338 1569 ἡ
362 1479 431 1546 tae
438 1504 455 1566 p
471 1478 686 1568 Τραχῖνος,
710 1479 862 1566 ἀπότομός
883 1483 965 1544 ποτὰ
980 1479 1071 1543 πλείω
1090 1481 1142 1542 καί
1157 1476 1260 1564 ὄρθιος
1276 1477 1384 1549 δεινῶς.

317 1589 367 1656 hic
389 1589 504 1654 trames
528 1585 589 1674 μετ’
611 1584 686 1652 αὐτὰ
708 1592 744 1652 τὰ
767 1584 878 1672 ἐρείπια
901 1583 1011 1672 (dicht
1036 1586 1138 1654 hinton
1162 1585 1219 1652 den
1243 1581 1383 1665 Ruinen')

316 1700 354 1761 τὰ
376 1693 524 1782 Τραχῖνος
545 1694 719 1782 (11221),
743 1713 821 1777 quae
843 1694 917 1760 urbs
938 1696 1006 1760 crat
1028 1694 1084 1760 sub
1100 1693 1196 1760 Oetae
1218 1691 1383 1772 radicibus,

317 1803 349 1868 in
371 1803 463 1868 huius
490 1802 604 1869 montio
631 1801 739 1886 iugum
772 1821 894 1868 sursum
927 1799 1086 1877 tendebat3
1120 1799 1200 1884 quod
1230 1819 1300 1864 oum
1328 1817 1384 1882 per

316 1913 439 1994 tempus
463 1909 587 1993 aliquod
610 1911 732 1976 secutus
755 1911 849 1988 essct,
873 1908 911 1974 ab
936 1908 1079 1974 orientali
1102 1906 1381 1991 Thermopylarum

316 2020 404 2102 parte
435 2017 474 2082 ad
506 2035 591 2082 oram
621 2016 822 2082 maritumam
852 2014 1063 2082 descendebat.
1092 2014 1131 2080 cf.
1156 2014 1246 2082 Burs.
1270 2014 1292 2078 l.
1317 2032 1344 2079 c.
1368 2012 1393 2078 1.

316 2144 346 2208 p.
372 2126 414 2191 94
429 2143 473 2207 sq.

382 2231 412 2298 X
436 2232 488 2309 22,
515 2232 530 2296 l
558 2227 690 2314 ἀτραπὸς
712 2266 755 2277 -
776 2225 838 2316 μετ’
860 2225 935 2292 αὐτὰ
957 2231 993 2293 τὰ
1008 2225 1118 2313 ἐρείπια
1133 2227 1235 2316 ἀνήκει
1250 2231 1287 2293 τὰ
1302 2224 1383 2312 Τρα-

319 2348 404 2426 χῖνος
420 2359 427 2376 ·
445 2334 481 2424 ῆν
508 2337 541 2401 δὲ
563 2340 614 2402 καὶ
634 2334 708 2422 ἱερὸν
732 2333 871 2425 Ἀθηνᾶς
893 2341 956 2402 τότε
979 2333 1075 2423 ὑπὲρ
1099 2347 1167 2422 τῆς
1189 2336 1381 2422 catanam)

315 2443 501 2532 Τραχινίδος.
539 2445 695 2512 Minervae
719 2444 927 2525 Trachinidis,
960 2464 1037 2528 quae
1059 2446 1241 2523 vocabatur,
1275 2444 1381 2510 aedem

315 2570 434 2636 supra
450 2551 631 2620 Trachinem
653 2553 840 2618 exsauctam
863 2551 957 2617 finisse
979 2551 1050 2618 inde
1071 2551 1276 2637 intellegitur,
1300 2550 1381 2635 quod

314 2678 385 2725 eam
406 2677 466 2726 non
488 2658 595 2742 procul
618 2657 710 2724 fuisso
737 2658 776 2723 ab
799 2677 836 2724 ea
858 2657 924 2736 via,
952 2676 1030 2742 quae
1051 2653 1123 2742 ὑπὲρ
1147 2655 1294 2746 Τραχῖνος
1317 2677 1381 2726 csse

314 2765 427 2832 dicitur
449 2765 495 2853 (Χ
518 2767 571 2846 22,
596 2763 642 2852 8),
667 2783 701 2830 ax
724 2765 790 2848 ipso
813 2764 967 2830 Pausania
990 2763 1130 2831 concludi
1154 2766 1266 2849 potest.

379 2872 413 2937 II
438 2876 471 2948 l,
503 2874 523 2939 6
546 2869 694 2956 Βριάρεων
720 2870 752 2934 δὲ
772 2871 953 2959 διαλλακτὴν
973 2873 1111 2954 γενέσθαι
1130 2875 1235 2961 σφίσιν,
1259 2868 1392 2958 Ἰσθμὸν-

312 2982 364 3065 ρὲν
387 2981 438 3042 καί
460 2975 517 3042 ὅσα
539 2980 631 3061 ταίιπρ
655 2978 816 3043 δικάσαντα
838 2975 909 3043 εἶναι
933 2977 1128 3056 Ποσειδῶνος,
1152 2981 1204 3068 τὴν
1228 2979 1261 3043 δὲ
1284 2978 1379 3064 ἄκραν

312 3083 403 3172 Ἡλίῳ
428 3086 516 3150 δόντα
537 3088 589 3172 τὴν
611 3080 703 3171 ὑπὲρ
725 3096 791 3172 τῆς
813 3087 967 3158 πόλεως
989 3085 1172 3174 (Corinthi),
1195 3087 1216 3153 i.
1241 3105 1267 3152 e.
1284 3086 1380 3153 Acro·

311 3191 496 3260 corinthum.
521 3192 559 3257 cf.
581 3191 612 3256 11
636 3192 666 3272 4,
691 3193 721 3272 6,
746 3191 832 3260 (lunt.
852 3193 873 3262 I.
895 3212 921 3259 o.
945 3192 978 3258 II
993 3214 1024 3277 p.
1041 3193 1106 3260 523
1122 3213 1179 3276 sq,
1202 3193 1293 3259 Burs.
1311 3193 1334 3258 l.
1350 3212 1376 3259 c.

311 3300 495 3384 dem

376 3407 453 3473 VIII
469 3409 521 3488 44,
539 3408 558 3474 5
582 3417 621 3491 τῷ
637 3408 721 3494 λόφῳ
738 3405 770 3469 δὲ
785 3416 825 3490 τῷ
841 3401 926 3490 ὑπὲρ
947 3416 1009 3494 τῆς
1032 3408 1181 3479 πόλεως
1201 3406 1378 3494 (Pallanti)

309 3510 367 3577 ὅσοι
390 3511 550 3599 ἀκροπόλει
572 3517 604 3578 τὸ
628 3512 752 3600 ἀρχαῖον
775 3512 916 3600 ἐχρῶντο.
951 3515 989 3582 of.
1012 3515 1100 3582 Ourt.
1119 3514 1142 3580 l.
1163 3534 1190 3581 c.
1211 3515 1227 3581 I
1248 3534 1278 3598 p.
1300 3517 1376 3596 263,

310 3621 400 3686 Bura.
417 3621 440 3686 l.
456 3641 482 3689 c.
499 3621 531 3687 Il
547 3640 578 3704 ρ.
596 3621 661 3687 223
677 3639 722 3705 eq.

375 3727 455 3794 VIII
481 3730 532 3808 12,
558 3731 577 3793 2
607 3728 780 3816 προελθόντι
812 3727 845 3791 δὲ
873 3728 1009 3800 οταδίοος
1034 3730 1189 3812 τριάκοντα
1216 3729 1315 3796 πεδίον
1343 3751 1374 3794 τε

379 3957 415 4029 ⁵⁰)
433 3958 490 4014 Hoc
508 3949 578 4014 anim
598 3957 753 4016 vocabulum
773 3957 899 4014 excidisse
918 3957 980 4015 SW.
998 3961 1026 4014 at
1043 3958 1104 4016 acu.
1127 3960 1186 4016 iure
1204 3945 1373 4032 auspicantur

309 4044 463 4119 Τραχινίδος
481 4064 528 4118 pro
547 4047 703 4117 cognomine
720 4047 855 4104 Minervae
872 4046 1010 4105 habentos.
