3258 4724
718 293 938 354 „10-

293 475 425 562 Ὤλενος,
448 482 568 573 nepa,
586 482 722 572 ’Ἄραξος
738 483 857 571 (ἄκρα);
882 489 1038 569 postremo
1062 485 1144 570 apud
1166 486 1217 552 Ps.
1235 486 1357 571 Seynnn.

294 595 359 658 470
368 612 449 676 sqq.:
462 592 595 676 primum
604 611 674 675 pars
683 593 931 675 septentrionalis
943 594 1025 658 sinus
1038 591 1237 671 Corinthiaci,
1250 592 1359 660 deinde

295 699 460 777 orientalis,
485 702 551 764 tum
574 699 797 765 meridionalis:
821 698 942 784 Sicyon,
967 699 1097 780 Achaea,
1122 702 1190 765 turn
1213 702 1359 766 secuntur

238 793 242 800 ¹
295 806 371 887 Illis,
396 807 556 886 Messenia,
581 809 655 873 cett.
679 804 816 892 (singula
839 806 959 890 oppida,
984 825 1171 890 quamquam
1194 827 1254 873 non
1277 825 1358 872 com-

296 917 474 992 memorata,
491 913 598 980 eodem
614 913 729 995 ordine,
746 933 806 996 quo
823 933 924 997 supra,
947 914 1115 997 nuncupari
1130 933 1249 980 necesse
1265 913 1358 1000 erat).

362 1020 420 1086 Sed
450 1021 571 1086 etiarnsi
602 1041 637 1086 er
667 1021 794 1107 Sicyone
818 1021 936 1106 Dymae
960 1021 1055 1087 situm
1078 1021 1255 1107 designasse
1278 1023 1359 1088 Pau·

295 1129 411 1193 sanium
435 1128 579 1193 credibile
602 1127 653 1207 sit,
684 1130 787 1194 tamen
817 1129 875 1195 hoc
906 1148 979 1194 casu
1002 1129 1122 1223 *laetum
1150 1133 1235 1213 puto.
1274 1130 1358 1194 inve-

295 1237 421 1301 niuntur
441 1236 522 1301 enirn
543 1235 623 1319 apud
644 1256 714 1301 eum
730 1237 800 1314 loci,
824 1237 935 1320 quihus
959 1256 1145 1320 quamquam
1171 1237 1359 1321 praepositio

295 1340 366 1426 buep
396 1362 456 1408 non
486 1344 589 1410 valere
617 1345 720 1427 potest
749 1345 809 1410 nisi
839 1341 990 1429 ‘jenseits’,
1021 1363 1091 1410 curn
1121 1343 1167 1412 vis
1194 1340 1360 1410 ‘eberhalb’

295 1451 385 1534 plane
407 1451 579 1518 relectanea
602 1453 653 1532 sit,
677 1454 781 1518 tamen
801 1452 860 1518 hae
879 1450 1033 1534 particula
1048 1451 1188 1536 regiones
1203 1451 1249 1518 ita
1263 1451 1359 1536 signi·

296 1560 436 1637 ficantur,
470 1561 514 1638 ut,
545 1577 605 1641 quo
635 1577 698 1624 scae
728 1558 878 1642 excipiant
906 1558 1021 1637 ordine,
1054 1559 1178 1624 omnino
1205 1577 1264 1625 non
1292 1577 1359 1644 per·

295 1667 415 1750 spicios,
440 1665 466 1731 si
489 1683 579 1748 quern
602 1665 771 1732 Pausanias
793 1667 877 1731 tenet
900 1665 1001 1731 Iocum
1023 1666 1088 1748 ipsc
1110 1667 1230 1732 teneas:

363 1773 440 1837 VIII
455 1776 541 1851 she
562 1771 592 1855 (ὁ
608 1771 761 1861 Ἀλφειὸς)
784 1770 934 1837 ἐκδίδωσιν
954 1769 1039 1857 ὑπὲρ
1055 1772 1262 1862 Κυλλήνης,
1283 1770 1359 1836 ἑπι-

295 1886 387 1946 νείοι)
404 1890 461 1944 τοῦ
477 1878 609 1957 Ἠλείων,
625 1878 718 1968 ἐςτὴν
730 1882 899 1950 θάλασσαν.
923 1877 1071 1964 ‘Alpheus
1087 1881 1196 1948 ultra
1211 1879 1358 1966 Cyllenen

296 1991 326 2053 in
344 2007 429 2053 mure
444 1985 633 2054 effunditur:
658 1991 739 2054 recte
763 1989 885 2071 quidem
908 1989 966 2056 hoo
989 2007 1043 2072 per
1066 2007 1108 2068 se,
1132 1987 1185 2055 sed
1200 1989 1245 2054 ita
1260 1988 1359 2055 dicore

297 2115 356 2161 non
373 2097 505 2178 poterat,
529 2097 591 2179 qui,
616 2099 651 2160 nt
665 2096 843 2175 Pausanias,
860 2096 973 2179 Alphei
989 2095 1103 2162 ostium
1119 2115 1138 2162 a
1153 2096 1359 2180 Tegeatarum

297 2202 381 2288 agris
398 2203 558 2270 denotaret
581 2203 651 2290 (hos
667 2203 784 2270 scilicet
799 2203 955 2289 periegeta
978 2203 1069 2269 modo
1092 2203 1252 2287 descripsit
1272 2203 1304 2268 et
1323 2221 1359 2268 er

295 2312 338 2376 eis
361 2311 496 2376 fluminis
520 2331 644 2378 cursum
666 2330 762 2394 usque
785 2313 824 2378 ad
852 2312 966 2377 ostium
994 2311 1207 2397 sequitur)¹⁶),
1238 2311 1360 2394 poterat

295 2419 322 2482 is
352 2421 483 2499 tantum,
515 2420 567 2500 qui
591 2418 735 2486 Eleorum
766 2419 841 2485 litus
868 2419 938 2484 iude
966 2438 984 2483 a
1007 2417 1267 2502 septentrionibus
1290 2435 1359 2500 per·

296 2527 442 2591 lustraret
457 2527 618 2591 meridiem
634 2545 753 2604 versusz
770 2545 840 2592 nam
857 2526 959 2593 confer
973 2526 1111 2590 locorum
1126 2523 1261 2592 ordinem
1278 2524 1360 2607 apud

299 2635 346 2699 Ps.
362 2633 461 2717 Scyt:
486 2635 528 2698 42
549 2634 672 2710 Patrae,
697 2634 806 2717 Dyme,
831 2636 873 2699 43
896 2631 977 2698 Ellis:
1002 2630 1174 2719 Κυλλήνη
1197 2634 1249 2695 καὶ
1271 2633 1359 2719 λιμὴν

296 2745 347 2805 καὶ
369 2743 503 2828 ποταμὸς
526 2737 707 2828 Ἀλφειός,
732 2743 774 2806 44
792 2740 934 2820 Arcadia,
958 2739 1007 2806 eui
1030 2738 1212 2824 Triphyliae
1235 2758 1288 2805 ora
1311 2739 1359 2804 at-

296 2849 454 2927 tribuitur,
478 2851 519 2914 45
537 2849 702 2926 Messenia
727 2849 808 2931 apud
825 2847 942 2914 Straba
966 2845 1045 2912 VIII
1061 2850 1126 2926 3,4
1147 2847 1267 2912 Araxus
1288 2865 1359 2930 pro·

297 2956 499 3037 munturium,
524 2955 692 3041 Cyllene,
717 2956 901 3023 Chelonatas
925 2954 1184 3039 promunturium,
1211 2957 1251 3020 12
1274 2953 1360 3020 Phea

297 3068 328 3131 et
352 3065 479 3150 Ichthys
501 3064 723 3148 promunturia,
748 3061 806 3127 εἶθ’
827 3061 843 3127 ὁ
866 3061 1034 3151 Ἀλφειὸς
1056 3059 1202 3145 ἐνδίδωσι,
1229 3065 1270 3128 13
1294 3081 1359 3146 sqq.

298 3171 494 3258 Thriphylia3
527 3172 559 3237 in
582 3172 663 3236 Plin.
688 3192 716 3239 n.
741 3173 788 3237 h.:
822 3171 867 3235 IV
891 3173 910 3236 5
935 3170 985 3256 (6)
1008 3166 1137 3236 ‘colonia
1161 3171 1269 3255 Dyme,
1293 3169 1360 3236 loca

298 3279 493 3364 Buprasium,
506 3279 665 3363 Hyrmine,
682 3276 933 3361 promunturium
946 3278 1075 3355 Araxus,
1093 3277 1250 3362 Cyllenius
1265 3277 1359 3355 sinus,

298 3385 545 3472 promunturium
571 3384 772 3466 Chelonatas,
803 3384 883 3450 unde
906 3383 1082 3468 Cyllenen
1111 3383 1204 3467 Vp,
1230 3422 1270 3431 -
1294 3384 1361 3452 Idlis

298 3499 329 3562 in
358 3495 579 3561 mediberraueo
608 3495 640 3559 et
668 3512 686 3558 a
712 3491 791 3578 Pylo
815 3491 895 3557 XIII
925 3491 1008 3557 intus
1038 3490 1200 3556 delubrum
1224 3491 1360 3576 Olympii

300 3605 382 3670 lovis
401 3641 436 3650 -
449 3603 628 3670 Pisaeorum
645 3599 799 3684 qnondam
817 3598 973 3683 oppidum,
992 3597 1227 3680 praeterfluente
1238 3597 1359 3681 Alpheo

299 3732 396 3778 amne.
428 3714 461 3776 at
490 3711 521 3776 in
552 3729 605 3775 ora
627 3707 874 3793 promunturium
897 3705 1035 3790 Ichthys.
1070 3704 1170 3772 amnis
1193 3704 1361 3789 Alpheus

371 3875 402 3944 16)
421 3873 462 3930 De
473 3874 538 3939 Ioco,
557 3890 608 3943 quo
620 3871 703 3928 libros
715 3886 775 3924 snos
791 3865 974 3936 conscripserit
985 3865 1142 3932 Pausaniae,
1161 3866 1279 3934 cogitare
1291 3865 1360 3920 nibil

299 3966 385 4033 refert,
406 3964 529 4036 quoniam
555 3963 587 4018 de
605 3979 636 4018 ea
653 3978 681 4016 re
699 3975 745 4016 neo
763 3959 819 4030 ipse
837 3957 972 4029 perlegeta
990 3955 1148 4010 mentionem
1174 3953 1239 4010 facil
1263 3970 1311 4010 nec
1330 3971 1360 4008 ex

299 4073 374 4128 opere
392 4058 447 4111 eius
465 4057 606 4126 quicquam
625 4051 716 4120 colligi
735 4052 829 4121 potest,
