3258 4724
642 300 864 362 ...21-

215 492 360 570 a'uctoris,
385 511 475 575 quem
499 493 636 576 sequitur
658 493 827 578 periegeta,
852 493 969 560 factum
993 496 1049 573 est,
1073 496 1109 558 ut
1131 494 1199 577 ipse
1219 492 1284 560 eius

215 600 381 685 periegesis
418 599 674 667 confunderetur:
714 620 803 683 quem
841 620 910 667 cum
945 620 981 666 ex
1015 601 1133 666 ratione
1167 603 1285 666 ceterae

215 706 419 789 Peloponnesi
442 706 611 790 descriptae
627 726 644 772 e
660 707 811 773 Messenia
833 707 1028 792 Triphylian'r
1051 706 1172 791 ingredi
1195 726 1285 789 opor-

216 818 306 892 teret,
331 813 425 880 fontis
447 813 504 892 sui,
537 817 574 880 ut
596 815 743 897 suspicor,
767 815 861 880 uerba
884 812 914 878 ἐν
937 813 1076 899 ἀριστεροζι
1098 815 1136 879 in.
1152 811 1182 878 ἐν
1206 813 1286 898 tetro}

216 921 432 1002 commutavit,
457 921 508 988 sed
532 921 626 987 rerba
649 920 707 986 ἀπὸ
724 931 777 1009 τῆς
800 919 922 993 Ἠλείας
941 924 1117 988 convortere
1133 922 1285 1005 neglexit3

214 1029 293 1094 item
316 1028 348 1093 iu
372 1027 478 1094 eadem
502 1029 696 1113 paragrapho
727 1032 790 1094 tres
813 1049 831 1094 a
854 1029 1113 1112 septentrionibus
1135 1029 1286 1111 Lepreum

217 1137 349 1202 ferentes
373 1135 440 1202 vias
463 1135 619 1214 describit,
643 1135 730 1218 quasi
753 1155 771 1200 a
794 1135 1049 1218 septentrionibus
1065 1134 1225 1220 veniere).
1244 1173 1283 1182 —-

220 1242 366 1309 Boeotiae
378 1242 453 1308 litus
465 1242 665 1309 meridionale
677 1243 843 1310 Pausanias
855 1242 917 1328 (IX
929 1245 982 1321 32,
998 1247 1009 1308 1
1027 1242 1107 1329 sqq.)
1120 1243 1158 1307 ab
1172 1243 1287 1308 oriente

219 1349 258 1415 ad
283 1349 470 1416 occidentem
500 1368 647 1433 exponere
679 1350 818 1428 videtum
850 1369 920 1416 narn
953 1351 1044 1417 dicit:
1077 1352 1170 1422 πλοῦς
1193 1349 1225 1413 δὲ
1249 1347 1286 1422 ἐς

217 1454 383 1540 Κρεῦσίν
403 1453 477 1520 ἐστιν
493 1453 534 1520 ἐκ
549 1455 851 1545 Πελοποννήσου
868 1459 989 1529 σκολιός
1003 1480 1033 1521 τε
1048 1459 1099 1520 aed
1115 1456 1217 1528 ἄλλοις
1231 1453 1287 1520 aba
1408 1449 1410 1453 ’

217 1559 322 1636 εὔδιος.
356 1601 395 1611 -
428 1564 543 1628 πλέοντι
572 1564 604 1627 δὲ
640 1561 675 1629 ἐκ
704 1563 868 1650 Κρεῦσιδος
896 1561 930 1628 eb
960 1561 1107 1648 πελαγίῳ,
1144 1567 1225 1648 παρὰ
1244 1565 1287 1627 4δὲ

217 1667 308 1758 αὐτὴν
330 1669 481 1747 Βοιωτίαν,
505 1673 589 1744 πόλις
612 1668 687 1736 ἐστὶν
710 1669 745 1736 ἐν
770 1672 875 1755 detaut
899 1672 1004 1759 Θίσβη.
1026 1711 1069 1719 -
1089 1673 1287 1755 παραπλέοντι

218 1779 251 1844 δὲ
281 1775 407 1844 αὐτόθεν
436 1779 567 1865 πόλισμά
596 1776 671 1844 ἐστιν
703 1776 737 1844 eir
770 1783 845 1865 μέγα
877 1777 925 1843 ἐπὶ
956 1781 1101 1863 θαλάσσῃ
1131 1777 1219 1868 Τίφα.
1252 1782 1286 1844 at

218 1904 404 1969 quamquam
427 1886 521 1952 fontis
544 1885 636 1952 verba
658 1883 693 1949 ἐκ
709 1884 875 1970 Κρεῦσιδος
899 1884 931 1958 ἐς
954 1885 1179 1974 Πελοπόννησον
1202 1890 1233 1953 et
1256 1885 1286 1952 ἐν

218 1991 356 2078 ἀριστερᾷ
379 1994 461 2059 recte
484 1995 676 2060 commutata
699 1995 780 2074 sunt,
809 1995 912 2060 tamen
936 1993 1011 2059 ordo
1038 1993 1163 2059 urbium
1191 1994 1287 2060 salsus

219 2099 331 2186 est⁴¹):
347 2100 470 2166 'Thisbe
493 2100 574 2166 euim
591 2101 622 2166 et
639 2101 740 2184 Tipha
754 2101 786 2166 in
803 2119 856 2166 ora
871 2101 1060 2168 Boeotorum
1077 2101 1115 2166 ab
1132 2101 1287 2168 occidente

221 2207 259 2272 ad
282 2207 433 2274 orientem
456 2207 559 2290 potius
583 2207 660 2273 sitae
687 2211 759 2273 sunt
787 2208 961 2292 optimeque
988 2208 1170 2274 continuant
1193 2207 1286 2272 Anti-

224 2332 308 2398 cyrae
323 2315 355 2380 et
370 2313 502 2392 Bulidis,
519 2313 644 2380 urbium
660 2315 901 2380 maritumarum
917 2314 1131 2394 Phocensium,
1149 2313 1285 2380 ordinem

224 2421 430 2488 adorientem
454 2420 696 2507 conversum⁴²);
721 2441 793 2486 narn
809 2422 836 2487 si
851 2422 964 2488 Thisbe
986 2441 1044 2488 uon
1070 2420 1108 2488 ab
1132 2421 1286 2487 occidente
1374 2479 1379 2490 .

219 2528 343 2613 propior
365 2529 474 2596 fuisset
497 2548 591 2612 quam
615 2529 724 2613 Tipha,
749 2548 808 2595 nou
833 2532 908 2612 quot
926 2529 1037 2594 stadiis
1053 2549 1071 2594 a
1087 2527 1211 2607 Thisbe,
1235 2527 1286 2594 sed

218 2655 236 2701 a
259 2636 359 2720 Tipha
381 2636 478 2702 uuus·
493 2636 783 2715 distaret,.dirisset
806 2637 939 2722 scriptor
962 2637 1006 2722 (X
1023 2639 1076 2717 37,
1094 2636 1140 2723 2).

287 2742 331 2807 Hi
362 2742 462 2827 igitur
493 2743 554 2810 loci
583 2743 767 2810 Pausaniam
802 2743 1025 2822 demonstrant,
1056 2747 1092 2810 ut
1122 2743 1288 2809 litorum

220 2849 409 2918 Graecorum
441 2850 612 2935 periegesin
645 2851 731 2936 (nam
763 2851 841 2917 hanc
873 2852 971 2918 solam
1001 2851 1083 2938 dico)
1116 2851 1287 2929 conficeret,

219 2960 343 3024 auctore
373 2977 464 3024 usum
494 2977 557 3024 esse
589 2976 639 3039 eo,
672 2959 724 3041 qui
753 2976 840 3023 oram
864 2956 1012 3023 Graeciae
1039 2959 1241 3025 maritumam
1270 2978 1289 3023 a

217 3066 306 3131 laeva
321 3084 416 3131 manu
430 3065 463 3130 in
478 3067 655 3133 uniuersum
671 3065 711 3130 ad
727 3065 867 3131 dextram
890 3068 1064 3149 exponeret,
1088 3066 1287 3132 confirmant·

221 3171 341 3256 quaid,
365 3171 445 3256 quod
468 3191 559 3255 supra
574 3171 620 3259 (p.
638 3175 678 3240 17
696 3171 757 3260 sq.)
780 3155 816 3238 ex
838 3172 1006 3256 particulae
1030 3170 1101 3258 ὑπὲρ
1125 3192 1195 3238 curn
1218 3193 1287 3258 gen.

212 3280 401 3346 coniunctae
423 3300 482 3346 usu
505 3280 541 3347 de
566 3279 649 3346 sonte
672 3279 894 3362 conclusimus,
924 3280 1004 3346 unde
1027 3299 1079 3359 ea,
1111 3300 1188 3364 quae
1210 3280 1289 3366 (loeo

220 3387 501 3474 135,1exoept0)
532 3388 569 3453 de
601 3389 739 3455 locorum
769 3387 1007 3455 maritumomm
1037 3391 1069 3454 et
1092 3387 1236 3456 Graeciae
1259 3390 1290 3456 et

213 3494 357 3562 aliarum
372 3495 526 3561 terrarum
543 3495 605 3563 situ
620 3495 652 3560 in
668 3496 847 3562 transcursu
863 3496 950 3576 dixit,
967 3496 1088 3562 fluxisse
1103 3495 1288 3562 uiderentur.

291 3687 327 3758 40>
346 3687 388 3747 cf.
402 3688 509 3744 Kalkrn.
522 3689 542 3747 l.
554 3705 576 3744 c.
589 3705 614 3758 p.
629 3689 689 3744 180.

292 3776 328 3846 ⁴¹)
347 3776 388 3836 Cf.
403 3777 509 3834 Kalkru.
522 3778 542 3833 l.
555 3794 576 3834 c.
589 3794 614 3848 p.
629 3778 690 3844 182,
705 3779 728 3832 l.
1116 3822 1118 3826 ,

292 3865 326 3934 ⁴²)
346 3865 428 3921 dax
446 3866 519 3931 36,5
539 3883 595 3936 sqq.
615 3869 642 3922 et
663 3866 736 3932 37,1
755 3883 812 3938 sqq.
836 3869 863 3921 et
886 3867 914 3920 in
937 3865 1031 3936 primis
1049 3865 1128 3932 37,3
1156 3872 1239 3919 νεῖται
1259 3863 1288 3918 δὲ

221 3955 260 4008 ἐπὶ
279 3953 385 4027 ὑψηλοῦ
404 3973 430 4008 τε
448 3954 469 4028 ἡ
489 3953 585 4018 Βοῦλις
604 3955 648 4008 aar
673 3954 698 4008 ἐν
717 3954 848 4028 παράπλῳ
868 3956 1115 4027 περαιουμένοις
1135 3954 1166 4018 ἐξ
1183 3953 1286 4008 Ἀντι-

219 4045 320 4118 ιιύροις
340 4043 370 4108 ἐς
389 4043 529 4116 Λέχαιον
548 4045 583 4097 τὸ
602 4042 801 4117 Κορινθίων.
901 4089 904 4094 ,
