3258 4724
769 259 989 322 ..44-

412 452 426 516 I
448 454 540 534 4⁰‚4
564 450 643 535 ὑπὲρ
667 452 699 514 δὲ
722 461 784 539 τῆς
806 454 967 540 κεφαλῆς
989 462 1039 516 τοῦ
1062 450 1132 524 Διός
1153 449 1222 518 εἰσιν
1243 451 1338 538 Ὧραι
1370 457 1425 518 καὶ

345 557 465 641 Μοῖραι.
489 577 560 624 oum
577 558 805 643 Megarensium
821 559 960 642 Iuppiter
975 559 1007 624 in
1023 559 1099 625 sella
1114 559 1292 646 sederot⁹⁹)‚
1314 561 1424 628 Horae

345 667 377 732 et
398 666 514 734 Pareae
535 665 581 732 ita
604 664 790 732 insistebant
808 664 915 744 selim,
938 669 975 732 ut
997 683 1089 749 super
1103 666 1184 732 Iovis
1206 670 1299 749 eaput
1325 667 1423 750 quasi

345 771 525 854 penderent,
558 773 590 837 et
621 770 742 854 quidem
775 771 893 854 postiae
924 771 1018 838 sellae
1049 771 1140 838 letari
1172 772 1288 855 penitet
1323 776 1426 856 atque

345 878 471 946 Gratiae
494 881 526 944 et
548 879 651 944 Horae
674 875 964 949 &altercatoriam
987 888 1038 944 τοο
1060 881 1170 963 θρόνον
1201 881 1283 946 lovis
1306 879 1426 968 Olym·
1494 952 1497 960 ,

346 985 390 1069 pii
413 983 456 1071 (V
481 987 532 1064 11,
551 985 585 1071 7)
608 989 663 1051 aut
687 985 848 1069 Magnetes
872 983 1009 1054 ἀνωτάτω
1037 983 1083 1052 ἐπὶ
1106 997 1146 1070 τῷ
1168 989 1268 1070 θρόνῳ
1292 986 1426 1070 Apolli-

347 1093 395 1160 nIs
412 1093 570 1177 Amyclaei
592 1091 656 1176 (lli
676 1095 727 1172 18,
744 1091 811 1178 14).
846 1093 885 1160 ol,
902 1093 942 1160 H.
960 1093 1091 1160 Brunnii
1113 1089 1235 1161 *Geron
1250 1095 1282 1160 ll.
1299 1094 1425 1179 grieoh.

347 1195 506 1265 Kirnstl.³²
528 1198 547 1264 Ι
569 1219 600 1282 p.
619 1202 691 1277 172,
716 1199 883 1264 Overbeolr.
899 1201 921 1267 l.
937 1199 993 1266 l.I
1016 1219 1047 1284 p.
1065 1202 1129 1268 279
1153 1219 1198 1284 sq.

413 1307 461 1372 IX
484 1309 574 1385 35,o
601 1304 774 1392 Σμυρναίοις
797 1343 840 1354 -
863 1303 894 1370 ἐν
917 1319 956 1392 τῷ
979 1303 1046 1391 ἱερῷ
1069 1318 1125 1372 τῶν
1147 1305 1307 1393 Νεμέσεων
1331 1303 1425 1392 ὑπὲρ

347 1425 411 1479 τῶν
435 1411 644 1500 ἀγαλμάτων
667 1422 779 1499 χρυσοῦ
795 1413 922 1498 Χάριτες
941 1413 1115 1490 eleonora,
1139 1419 1228 1502 τέχνη
1244 1413 1424 1484 Βουπάλου.

347 1541 383 1588 ex
413 1520 556 1605 analogia
586 1519 796 1587 antecedentis
823 1521 923 1586 looil
953 1523 1044 1600 eol
1074 1538 1239 1604 eorumque
1268 1541 1346 1606 qnos
1376 1521 1425 1588 ibi

348 1627 442 1696 attuli
465 1627 587 1694 ridetur
609 1626 715 1712 oolligi
738 1646 825 1711 posse
842 1626 967 1696 Gratias
990 1645 1061 1696 eum
1077 1628 1246 1698 Nemeseos
1270 1629 1424 1696 simulan-

348 1736 390 1800 ris
420 1755 516 1800 unum
545 1734 658 1818 Bupali
688 1752 763 1817 opus
793 1735 925 1801 effecisse
954 1737 1048 1818 atque
1075 1735 1170 1802 simili
1197 1735 1290 1802 modo
1321 1755 1423 1820 supra

349 1862 385 1908 ea
407 1840 522 1924 positas
546 1840 658 1906 tuisse·
679 1842 722 1914 of.
738 1841 777 1906 Α.
793 1842 1082 1928 Furtwaenglernm
1105 1841 1136 1908 in
1155 1843 1303 1910 Rosohori
1326 1839 1423 1912 ‘nus-

348 1947 442 2016 fr‘rhrl.
455 1948 560 2014 Lexlk.
575 1947 605 2016 d.
618 1948 734 2030 griooh.
745 1968 775 2016 u.
789 1956 866 2015 rim.
880 1947 1025 2034 Mythol.³
1041 1969 1065 2018 s,
1078 1971 1106 2016 v.
1119 1945 1283 2032 ‘Chariton’
1294 1970 1325 2032 p.
1339 1953 1421 2017 879.

416 2054 497 2120 VIII
521 2058 573 2133 37,
589 2057 611 2120 o
635 2053 804 2142 Κσὺρητας,
829 2052 978 2140 αὗταιγὰρ
1001 2052 1086 2140 ὑπὲρ
1109 2067 1178 2123 τῶν
1201 2055 1421 2142 ἀγαλμάτων

349 2161 482 2248 (Cereris
498 2164 530 2228 et
544 2161 733 2249 Despoenae)
757 2166 935 2250 πεποίηνται.
972 2163 1008 2230 de
1030 2165 1089 2232 hoo
1111 2165 1178 2232 looo
1201 2165 1304 2232 confer
1322 2183 1421 2248 supra

348 2290 378 2352 p.
396 2272 449 2350 23,
473 2269 542 2336 adn.
559 2272 626 2344 48„

414 2377 444 2442 X
469 2377 535 2456 8,8
558 2380 623 2441 τότε
647 2374 732 2442 αὐτὸν
755 2381 788 2442 τὸ
810 2386 926 2463 τραῦμα
948 2380 980 2440 τὸ
1003 2374 1088 2461 ὑπὲρ
1111 2387 1170 2444 τοῦ
1193 2382 1342 2459 γόνατος
1370 2376 1420 2444 ἐν·

348 2487 446 2547 neoto
473 2493 552 2570 σχεῖν
580 2481 636 2549 ὑπὸ
666 2493 716 2548 τοῦ
746 2489 825 2556 neoc.
862 2485 992 2568 scriptor
1021 2486 1145 2568 respicit
1175 2485 1213 2550 ad
1240 2485 1332 2554 Hom.
1357 2486 1418 2552 Od.

348 2591 428 2658 XIX
451 2592 515 2658 llo
532 2611 576 2673 sq.
601 2589 616 2654 ὁ
641 2591 674 2654 δέ
697 2613 743 2677 μιν
770 2595 924 2678 φθάμενος
951 2589 1057 2656 ἔλασεν
1080 2600 1133 2664 σῦς
1155 2601 1290 2672 patroc
1312 2589 1418 2678 ὅπερ.

403 2698 443 2761 'V
467 2700 556 2777 25‚3
579 2699 628 2761 τὸν
651 2695 724 2784 ἀέρα
747 2700 794 2764 τὸν
816 2693 908 2782 ὑπὲρ
931 2707 997 2784 τῆς
1024 2699 1234 2786 θαλάσσης
1262 2701 1416 2788 ταύτης.

713 2887 841 2996 eaput
858 2889 1049 2977 alterum.

460 3055 512 3120 De
534 3049 626 3137 ὅπερ
650 3073 733 3120 oum
757 3053 988 3122 accusativo
1012 3055 1316 3151 ooninnoto²⁰⁰p

419 3218 445 3284 Ι.
469 3191 557 3302 Ὑτέρ
581 3217 763 3303 praepositio
787 3229 858 3284 oum
881 3218 1053 3284 accusativo
1078 3218 1240 3284 coniuncta
1257 3217 1415 3304 signifieat

469 3327 634 3404 motum,
658 3323 710 3407 qui
734 3327 791 3390 aut
812 3344 844 3391 ro
867 3343 940 3392 vera
963 3325 1000 3392 fit
1024 3328 1077 3392 aut
1101 3323 1167 3391 fieri
1189 3324 1321 3391 videtur.

520 3431 560 3498 A.
585 3431 746 3499 adhibetur
762 3432 800 3498 od
815 3431 875 3498 looi
890 3433 983 3500 finem
999 3431 1218 3510 denotandum,
1243 3433 1295 3516 qui
1311 3434 1414 3500 trai-

583 3538 707 3632 citur,
734 3542 828 3622 prout
855 3541 958 3607 motus
985 3541 1040 3608 aut
1068 3539 1108 3606 ad
1135 3538 1274 3606 libellam
1295 3542 1357 3632 aut
1375 3541 1414 3634 ael

418 3749 452 3818 ν)
470 3748 510 3809 of.
529 3748 756 3806 rmnoor-nrumer
774 3754 801 3805 er
819 3748 939 3806 sarone
957 3751 975 3805 1.
994 3767 1016 3806 τ.
1035 3734 1077 3805 vr'
1095 3749 1187 3821 (raso)
1207 3769 1231 3822 p.
1244 3753 1288 3817 sa,
1301 3753 1327 3810 e.

409 3837 452 3908 ¹⁰⁰)
473 3837 571 3894 tthiani
589 3853 692 3894 versum
706 3855 722 3892 a
734 3839 869 3894 Pausania
887 3835 926 3895 1v
941 3840 995 3905 1,ss
1015 3839 1137 3905 citatum,
1156 3841 1184 3896 in
1203 3857 1254 3912 quo
1274 3837 1335 3913 ὑπέρ
1355 3859 1413 3898 enm

349 3945 403 3985 eoo.
422 3929 519 3994 exstat,
544 3927 590 3982 hio
612 3928 704 3983 afferre
727 3929 794 3984 satia
820 3929 916 3986 habeo:
944 3927 1005 4000 πάρ’
1031 3947 1058 3981 τε
1082 3929 1182 4001 τρηχὺν
1205 3927 1314 3984 ’Elaris
1338 3929 1413 4002 ὑπὲρ

349 4016 468 4090 δρυμόν
488 4036 514 4070 τε
534 4015 642 4072 Λύκοιο.
