3258 4724
666 343 956 408 ..,2„„

325 539 504 626 scriptorem
528 541 636 608 localis
664 538 736 627 ὑπὲρ
765 541 1043 628 praepositionis¹).
1077 541 1191 606 mirum
1221 544 1269 608 est
1296 540 1388 618 euim,

324 669 419 733 quam
442 649 580 715 diversae
610 649 672 715 siut
701 649 837 715 virorum
868 649 1027 716 doctorum
1058 648 1249 732 maximeque
1272 667 1387 729 eorum,

325 757 378 840 qui
401 758 430 822 iu
460 755 550 822 rebus
579 757 810 842 topographicis
833 757 944 822 velens
967 755 1113 824 Graeciae
1137 755 1276 822 studium
1294 746 1395 822 'sarum'

325 864 571 944 collocaverunt,
606 863 644 930 de
678 884 715 931 ea
735 883 782 930 sre
815 864 1004 942 seutentiae3
1044 883 1135 949 quam
1170 863 1293 947 quidem
1328 863 1390 928 dis·

325 971 492 1037 sensionem
516 972 676 1056 Rnegerus
705 972 737 1037 iu
760 971 967 1066 disputatione
998 990 1053 1037 sua
1082 991 1120 1037 ue
1145 971 1237 1037 verbo
1266 971 1389 1055 quidem

325 1079 442 1162 tetigit.
477 1078 574 1145 veluti
598 1077 631 1145 O.
656 1077 693 1146 G.
716 1078 894 1146 Siebelisius
925 1099 984 1146 nou
1012 1077 1164 1145 distinctis
1194 1078 1336 1164 genetivo
1360 1082 1391 1144 et

325 1187 498 1252 accusativo
522 1185 642 1253 casibus
666 1183 737 1270 ὑπὲρ
760 1187 976 1272 praepositioni
1000 1186 1113 1252 additis
1136 1185 1167 1252 in
1192 1187 1238 1252 ed.
1256 1188 1328 1252 mai.
1346 1187 1390 1252 lv

325 1313 356 1376 p.
380 1296 444 1361 280
469 1295 521 1375 (cf.
538 1295 552 1360 l
569 1314 600 1378 p.
618 1296 673 1380 45)
697 1315 759 1362 una
782 1315 817 1362 ex
839 1299 927 1379 parte
950 1296 1028 1361 lianc
1051 1295 1236 1377 particulam
1258 1290 1298 1360 ‘iu
1322 1314 1390 1376 per-

324 1400 506 1468 lustratione
528 1421 630 1468 rerum
660 1403 799 1486 deinceps
829 1403 998 1486 positarum
1028 1402 1065 1468 de
1094 1403 1149 1481 iis,
1179 1421 1256 1485 quae
1287 1401 1390 1486 aliquo

326 1509 425 1590 spatio
449 1509 563 1575 distent
587 1509 624 1576 ab
649 1529 694 1590 ea,
719 1511 757 1576 de
779 1529 840 1594 qna
863 1513 954 1576 autea
977 1512 1008 1576 et
1030 1510 1175 1580 hactenus
1198 1509 1316 1574 dietum
1339 1510 1389 1589 sit,

326 1614 477 1699 usurpari’
499 1617 628 1701 ideoque
650 1636 739 1701 saepe
761 1614 890 1697 ‘ultra‚
914 1620 1011 1702 post,
1035 1636 1053 1682 a
1075 1613 1195 1701 tergo’
1218 1617 1328 1696 ualere,
1352 1618 1390 1683 ab

326 1725 424 1790 altera
447 1729 534 1809 parte
562 1727 786 1811 superiorem
809 1727 920 1793 sitnm
945 1728 1054 1792 notare
1076 1725 1259 1801 arbitratum
1286 1743 1391 1790 rursus

326 1849 399 1898 uero
413 1833 444 1898 iu
460 1833 590 1918 singulis
606 1835 681 1902 locis
696 1836 831 1901 incertus
847 1837 903 1913 est,
927 1837 1033 1901 utrum
1048 1835 1106 1900 hoc
1121 1852 1160 1898 au
1176 1831 1256 1898 illud
1272 1835 1391 1898 statuat

327 1937 379 2017 (cl.
402 1940 447 2005 lv
469 1961 500 2023 p.
524 1944 588 2009 279
611 1943 681 2029 sq.).
717 1962 808 2026 quam
839 1942 878 2008 ob
901 1959 1024 2008 causam
1047 1941 1122 2006 haec
1151 1941 1295 2006 annotat:
1326 1935 1390 2005 tob·

327 2043 505 2127 scuritates,
536 2068 614 2132 quae
637 2053 805 2131 remanent,
834 2051 965 2116 fortasse
993 2048 1171 2114 minuentur
1197 2046 1391 2130 diligentiore

327 2153 529 2236 explicatione
545 2157 719 2240 potcstatis,
743 2177 837 2241 quam
859 2157 910 2223 bic
926 2156 961 2243 (i.
978 2176 1005 2223 e.
1028 2156 1059 2221 in
1075 2154 1243 2241 Polygnoti
1264 2153 1392 2237 pictoris

327 2259 442 2328 tabulis
464 2282 479 2328 a
498 2263 650 2339 Pausania
666 2265 840 2352 descriptis)
856 2263 1041 2349 praepositio
1057 2259 1128 2348 ὑπὲρ
1144 2263 1255 2328 babere
1270 2262 1393 2328 videtur

327 2369 359 2431 et
370 2371 511 2452 genetivo
523 2368 1057 2457 etaccusativoiunctapromiscue’.
1082 2372 1115 2436 ll.
1130 2368 1390 2455 G.Welclrerns²)

327 2479 431 2544 autem
454 2479 557 2546 locum
580 2481 678 2560 Χ26,
694 2483 730 2547 4:
754 2479 964 2566 Νεοπτόλεμον
987 2479 1019 2542 δὲ
1039 2482 1127 2564 μόνον
1149 2485 1200 2540 τοῦ
1215 2473 1391 2564 Ἑλληνικοῦ

327 2587 486 2671 conabamur
508 2587 549 2652 ἔτι
574 2589 641 2662 τοὺς
664 2586 771 2672 Τρῶας
793 2586 927 2674 ἐποίησεν
955 2583 971 2650 ὁ
995 2584 1198 2667 Πολὺγνωτος,
1231 2581 1274 2648 ὅτι
1299 2581 1391 2668 ὑπὲρ

327 2700 378 2754 τοῦ
405 2691 615 2782 Νεοπτολέμου
644 2697 705 2760 τὸν
732 2699 852 2783 τάφον
879 2691 899 2781 ἡ
926 2697 1027 2781 γραφὴ
1055 2703 1137 2756 πᾶσα
1163 2690 1285 2777 ἔμελλεν
1312 2688 1391 2776 αὐτῷ

326 2804 505 2887 possesse
519 2803 578 2870 hoc
593 2803 683 2868 modo
703 2803 938 2886 interpretatur:
961 2797 1040 2866 ‘weil
1055 2800 1109 2867 das
1133 2818 1228 2884 ganne
1243 2798 1392 2865 Gemalde

327 2907 415 2972 inber
430 2909 494 2976 das
510 2909 594 2976 Grab
610 2909 663 2976 des
678 2909 896 2994 Neoptolemos
913 2907 986 2987 sein,
1010 2906 1122 2973 darauf
1137 2907 1202 2972 sich
1218 2906 1392 2972 bezielneu

327 3012 427 3080 sollte³
451 3017 504 3101 (cl.
527 3017 550 3085 1.
566 3036 593 3082 c.
617 3017 688 3085 adu.
713 3019 748 3083 9:
771 3013 886 3101 ‘cigner
909 3015 1070 3082 Gabrauch
1093 3014 1146 3081 der
1161 3010 1392 3100 Prdposition').

326 3122 499 3207 uibicunque
521 3142 592 3190 vero
615 3124 783 3192 Pausanias
805 3119 877 3209 ὑπὲρ
900 3122 1053 3207 particula
1074 3121 1224 3188 sinaeum
1248 3121 1391 3205 genetivo

327 3231 392 3298 sive
413 3251 483 3298 curn
499 3230 672 3298 accusativo
695 3231 857 3297 coniuncta
877 3230 916 3295 ad
931 3230 1048 3314 figuras
1070 3229 1249 3294 tabularum
1263 3247 1283 3293 a
1298 3229 1393 3312 Poly-

326 3343 421 3424 gnoto
450 3340 605 3424 pictarum
634 3337 846 3406 describendas
876 3337 922 3424 (X
944 3339 997 3418 ab,
1022 3340 1040 3402 l
1070 3371 1114 3384 -—
1143 3354 1209 3418 cap.
1233 3337 1274 3400 31
1299 3335 1391 3420 extr.)

326 3449 437 3528 utitur,
453 3465 520 3514 eam
536 3445 619 3512 idem
634 3441 683 3511 vit
702 3446 809 3528 utpote
825 3444 1055 3529 superiorem
1069 3441 1256 3510 iudicantem
1279 3443 1392 3508 sitnm

327 3559 432 3624 nostra
460 3553 612 3640 particula
635 3547 751 3618 ‘uber'
780 3551 883 3618 reddit
905 3551 957 3637 (cf.
981 3571 1012 3634 p.
1036 3552 1104 3638 94).
1143 3549 1331 3632 eandemque
1354 3549 1392 3616 de

399 3751 421 3826 ¹)
438 3752 478 3808 De
490 3745 552 3802 lllll
565 3746 768 3820 praepositionis
780 3747 808 3801 br
821 3745 1001 3802 describendis
1013 3745 1133 3802 artificiis
1145 3743 1216 3816 apud
1229 3743 1390 3800 Pausaniam

329 3845 356 3900 ui
369 3846 395 3898 et
407 3858 456 3898 usn
468 3839 539 3894 omni
552 3853 606 3910 qua
618 3854 666 3907 par
678 3838 719 3890 est
731 3834 874 3904 diligentia
886 3836 944 3906 egit
955 3835 1009 3890 iam
1019 3834 1124 3890 Ulrieus
1134 3833 1391 3889 Schnarschmidtius

329 3935 357 3990 iu
374 3929 560 3988 dissertatione
577 3925 706 3998 Lipsiensi
727 3943 751 3981 a.
771 3925 841 3979 1873
859 3925 889 3980 iu
906 3918 1113 3982 lueem'emissa.

400 4023 421 4093 ²)
439 4021 499 4077 ‘Die
510 4016 696 4088 Kamposition
710 4013 735 4069 d.
748 4013 890 4086 Polygnot
910 4013 1037 4070 Gemdlde
1048 4013 1077 4067 in
1090 4009 1115 4067 d.
1128 4011 1228 4068 Lasche
1240 4029 1262 4067 u.
1276 4008 1391 4083 Delphi,

332 4115 402 4170 m
419 4111 445 4168 d.
463 4109 532 4166 Berl.
551 4107 600 4162 aa.
621 4105 697 4170 lala,
716 4103 760 4174 ph.
781 4103 808 4158 h.
827 4101 865 4158 Ol.
883 4121 909 4174 p.
928 4103 963 4158 82
981 4119 1021 4174 sq.
