3258 4724
787 289 1007 352 ...56-

362 481 488 550 διιτλουν.
519 480 547 550 ‘a
578 484 731 568 superiore
763 483 858 552 stadii
889 485 977 568 parte
1008 502 1096 550 mous
1128 501 1222 566 supra
1251 483 1361 550 llisum
1392 503 1430 550 ex

361 591 471 659 lunata
492 591 593 658 forma
616 609 739 660 exorsus
755 591 795 658 ad
809 591 946 658 fluminis
963 591 1063 674 ripam
1078 590 1213 658 decurrit
1229 593 1311 657 recta
1326 591 1429 674 dupli·

361 699 449 782 cique
471 695 573 764 linea.
598 695 788 778 uam‘traus
811 695 929 766 llisum’
952 698 978 764 si
1002 699 1069 782 quis
1086 701 1204 766 uertere
1224 699 1327 777 vellet,
1351 709 1435 782 quae

363 805 486 890 quidem
515 805 654 872 definitio
687 825 746 872 uon
776 807 878 889 posset
908 805 967 874 uisi
996 825 1032 872 ex
1062 804 1193 876 Athenis
1223 805 1262 874 ad
1291 805 1429 872 dextram

364 913 462 996 ripam
487 912 555 978 sitis
571 913 722 998 intellegi,
746 930 837 983 seusu
851 912 883 978 id
899 917 1017 982 careret
1031 915 1202 997 propterea,
1227 913 1299 997 quia
1313 913 1431 980 Pausa-

363 1019 429 1085 nias
467 1019 581 1086 flumen
615 1019 678 1085 ium
708 1019 829 1086 traiecit
857 1020 963 1104 paullo
996 1023 1086 1087 aute:
1126 1021 1282 1104 διαβᾶσι
1318 1020 1351 1084 δὲ
1382 1023 1434 1086 τὸν

363 1123 498 1190 Εἰλισσὸν
520 1130 629 1214 χωρίον
648 1125 761 1211 Ἀγραι
784 1129 966 1213 καλυυρτνσν
989 1131 1040 1192 οιαὶ
1061 1131 1131 1200 ναὸς
1147 1125 1329 1213 Ἀγροτέρας
1352 1125 1427 1191 ἐστὶν

363 1230 544 1320 Ἀρτέμιδος.
575 1234 746 1318 periegetae
773 1235 937 1318 descriptio
959 1235 1082 1318 iusuper
1105 1235 1204 1302 stadio
1227 1235 1336 1302 effosso
1358 1253 1431 1300 eou-

363 1341 488 1408 firmata
518 1343 575 1408 eet.
606 1341 646 1408 cf.
677 1342 766 1409 Burs.
789 1341 811 1406 l.
836 1359 861 1412 c.
886 1342 901 1406 Ι
924 1362 953 1424 p.
972 1345 1047 1420 320,
1071 1342 1287 1411 Waehsmuth.
1318 1341 1341 1408 1.
1364 1342 1431 1406 cI

363 1468 394 1531 p.
412 1450 492 1528 234,
521 1448 734 1518 Milchhoeler.
765 1445 887 1519 ‘Athen’
915 1450 947 1514 in
977 1449 1183 1517 Boumeisteri
1208 1445 1431 1518 ‘Daulmal’l

364 1575 394 1638 p.
412 1557 486 1638 184,
516 1555 651 1640 Lolliug.
675 1551 820 1638 ‘Topogm
843 1575 873 1620 ν.
897 1551 986 1620 Aru?
1014 1556 1047 1621 iu
1075 1555 1218 1625 Muellori
1248 1551 1431 1624 ‘Haudbuoh

365 1661 395 1728 d.
419 1662 513 1728 klass.
537 1657 616 1728 Aac?
638 1661 688 1732 ΙΙΙ
711 1680 741 1744 p.
758 1664 833 1732 324.

430 1767 476 1834 IV
501 1769 568 1848 7‚5
593 1770 627 1832 rc
649 1763 676 1832 δ’
698 1764 814 1832 ἱππικὸν
837 1771 887 1832 acti
910 1765 938 1832 οἱ
961 1770 1039 1854 ψιλοὶ
1062 1773 1256 1854 συμμίσγουσι
1278 1771 1330 1855 μὲν
1353 1772 1431 1836 κατὰ

363 1877 397 1939 τὸ
419 1871 511 1960 ὑπὲρ
527 1870 598 1960 (ὑπό
614 1875 648 1940 Μ
669 1875 725 1960 Va)
747 1873 812 1962 τὴν
835 1876 1049 1962 χαράδραν.
1073 1877 1193 1959 pedites
1210 1877 1315 1961 grauis
1330 1895 1432 1945 arma·

364 1985 453 2050 turae
475 1999 603 2051 manum
625 2000 781 2052 conserere
804 2001 864 2050 uon
888 1985 1041 2066 poteraut,
1066 1981 1147 2066 quod
1169 1983 1250 2048 iuter
1269 1985 1432 2066 utrumque

365 2091 486 2172 partem
508 2088 678 2172 profundae
694 2090 783 2156 eraut
798 2089 908 2168 aucas,
933 2089 1051 2174 equites
1067 2091 1171 2158 autem
1190 2092 1222 2156 et
1236 2090 1315 2156 leuis
1330 2108 1432 2156 arma·

365 2198 453 2263 turae
468 2195 585 2265 milites
600 2197 738 2263 cominus
754 2197 937 2281 pugnabant
950 2201 1029 2264 auca
1044 2199 1076 2262 τὸ
1099 2193 1170 2280 ὑπὲρ
1194 2200 1246 2283 τὴν
1262 2197 1432 2282 χαράδραν;

366 2302 476 2387 quium
498 2303 600 2370 verbis
621 2322 681 2370 nou
704 2306 806 2388 polest
830 2304 889 2372 uisi
904 2304 930 2371 is
947 2306 1032 2373 locus
1047 2304 1224 2390 significari,
1249 2323 1308 2389 quo
1330 2304 1433 2375 fauces

368 2411 399 2476 iu
423 2412 610 2494 superiorem
632 2411 767 2496 aliquem
791 2432 933 2495 campum
956 2414 1126 2480 transeunt.

432 2519 449 2582 I
473 2521 526 2596 32,
545 2523 562 2584 7
587 2515 680 2601 ὑπὲρ
705 2519 737 2582 δὲ
760 2522 822 2604 την
843 2520 982 2604 λίμνην
1006 2522 1113 2607 φάτναι
1135 2515 1190 2582 οἰσὶ
1204 2519 1292 2583 λίθου
1307 2528 1363 2585 τῶν
1384 2515 1434 2582 iu·-

366 2645 427 2688 πιυν
450 2635 506 2690 τῶν
528 2622 757 2713 Ἀρταφέρνους,
789 2628 841 2689 καὶ
864 2634 975 2712 σημεῖα
998 2621 1028 2690 ἐν
1051 2629 1170 2708 πέτραις
1192 2635 1316 2712 σκηνῆς.
1340 2644 1434 2708 supra

353 2719 509 2815 ¹paludem
533 2733 709 2817 praesaepia
727 2731 928 2814 Artaphoruis
952 2749 1099 2814 equorum
1116 2731 1308 2816 vestigiaque
1330 2732 1434 2800 taber·

367 2837 469 2906 uaouli
485 2837 663 2921 apparuisse
675 2837 781 2908 addita
795 2837 889 2904 verba
905 2838 994 2904 lituo
1010 2841 1102 2922 atquo
1118 2835 1279 2922 ἐντέτραις
1290 2838 1434 2922 probant.

369 2948 400 3011 et
416 2964 521 3027 reapse
536 2944 708 3028 Lolliugius
718 2945 771 3030 123)
795 2945 827 3010 iu
843 2945 921 3012 colle
936 2965 1027 3029 super
1042 2945 1186 3028 paludem
1203 2945 1433 3016 Marathoniam

368 3053 407 3118 ad
422 3047 607 3121 ‘Kato'Suli’
622 3051 723 3118 vicum
741 3052 801 3119 sito
816 3071 906 3135 rupes
918 3052 1067 3135 quasdam
1082 3053 1200 3119 iuuerit
1214 3053 1261 3117 ita
1276 3053 1433 3134 formatas,

368 3161 405 3226 ul
428 3156 518 3223 facile
540 3156 612 3223 inde
641 3159 772 3241 populus
802 3158 1050 3242 praesaepiorum
1082 3158 1301 3244 cogitationem
1332 3160 1434 3226 auimo

360 3252 526 3349 ‘concipere
548 3265 694 3348 potuerit.

436 3373 497 3438 VII
514 3375 567 3456 25,
585 3376 605 3438 5
621 3375 694 3458 μετὰ
707 3373 739 3436 δὲ
750 3369 871 3461 Ἑλίκην
888 3371 1086 3460 ἀπστραττηση
1098 3397 1128 3438 τε
1140 3371 1198 3438 ἀπὸ
1210 3373 1372 3461 θαλάσσης
1381 3374 1435 3462 ¹²⁴)

369 3477 400 3554 ἐς
424 3479 518 3553 δεξιὰν
540 3481 592 3544 καὶ
614 3475 693 3565 ἥξεις
716 3476 748 3550 ἐς
770 3483 802 3543 τὸ
818 3481 949 3566 πόλισμα
964 3477 1133 3564 Kapauta·
1157 3479 1282 3563 ᾤκισται
1303 3481 1335 3544 δὲ
1350 3477 1435 3566 ὑπὲρ

369 3590 430 3672 την
453 3589 638 3674 λεωφόρον.
657 3583 687 3650 ἐν
703 3583 773 3670 ὄρει.
798 3587 978 3672 oppidulum
999 3588 1091 3655 hoca
1114 3586 1222 3654 dextra
1235 3605 1329 3657 manu
1344 3607 1438 3671 supra

369 3694 454 3762 viam
476 3693 644 3760 militarem
669 3693 702 3760 in
724 3696 840 3773 moute,
863 3697 900 3760 ut
923 3693 1029 3761 ruinae
1052 3693 1116 3760 eius
1140 3693 1315 3777 ostendunt,
1341 3695 1435 3762 situm

443 3941 488 4014 ¹²⁸)
507 3943 572 3999 Aih.
591 3943 667 4000 Mitt.
685 3945 700 4000 I
720 3943 788 4000 1876
806 3960 833 4015 p.
846 3943 890 4000 80.
907 3993 910 3998 r

445 4029 491 4102 ¹²⁴)
508 4033 531 4090 Ι.
550 4052 572 4089 e.
592 4049 608 4088 a
626 4033 671 4089 via
689 4031 814 4101 militari3
835 4031 867 4088 oi.
887 4031 904 4099 ἓ
922 4031 947 4084 8.

607 4345 970 4468 Γπ
