3258 4724
713 271 911 332 ..9-

279 465 400 550 nyehia,
417 463 565 543 Athenae,
590 465 628 530 21
656 467 730 549 μετὰ
754 463 787 526 δέ
809 466 858 527 τὸν
879 461 1004 548 Πειραιᾶ
1018 462 1173 551 Φαληρεῖς
1196 463 1292 550 δηρος
1315 461 1345 528 ἐν

280 583 315 658 τη
339 569 446 660 ἐφεξῆς
468 573 609 656 παραλία,
634 570 742 638 deinde
765 571 819 638 alii
840 572 929 656 pagI;
954 568 1031 636 οὗτοι
1054 575 1106 657 μὲν
1130 567 1158 636 οἱ
1181 576 1270 658 μέχρι
1292 582 1345 659 της

280 680 375 766 ἄκρας
397 688 448 744 τοο
471 677 601 755 Σουνίου,
625 681 696 746 ente
717 679 797 746 hano
817 681 923 746 antem
938 696 1024 746 oram
1040 677 1157 745 insulae
1172 678 1344 763 Hydrusse,

279 787 414 870 Pherusa,
431 786 569 865 Rieussa,
585 786 729 866 Belbina,
753 785 921 854 Patrooli
942 786 1077 865 insula,
1103 789 1144 852 22
1166 789 1345 873 κάμψαντι

281 895 317 958 δὲ
343 897 404 981 τὴν
433 895 524 958 κατὰ
551 897 588 958 τὸ
617 891 761 960 Σοίινιον
784 891 897 978 ἄκραν
920 892 1075 976 ἀξιόλογος
1099 894 1195 981 δῆμος
1217 891 1344 968 Σοίνιον,

280 999 341 1065 εἶτα
363 1001 499 1086 Θόρικος,
521 1000 631 1068 deindo
653 1002 720 1068 loon
742 1001 909 1068 marituma
932 1019 1026 1084 usque
1049 1001 1088 1068 ad
1110 1001 1248 1087 Oropum
1271 1021 1345 1067 enn-

279 1110 449 1188 merantur,
480 1113 629 1192 πρόκειται
659 1109 691 1174 δέ
720 1119 775 1196 τῆς
807 1109 955 1193 παραλίας
981 1109 1099 1197 ταίντης,
1130 1112 1187 1194 πρὸ
1214 1112 1267 1194 μὲν
1294 1118 1344 1174 τοῦ

279 1217 406 1302 Θορίκοο
421 1219 472 1282 καὶ
487 1225 536 1280 τοῦ
552 1215 673 1281 Σουνίου
692 1227 782 1304 νῆσος
802 1213 930 1303 Ἑλένη
947 1253 988 1264 -
1004 1219 1079 1303 μετὰ
1102 1217 1134 1280 δὲ
1156 1219 1207 1303 τὴν
1222 1213 1345 1303 Ἑλένην

279 1322 299 1412 ἡ
326 1321 437 1408 Εὔβοια
464 1327 614 1409 πρόκειται
640 1333 695 1411 της
721 1321 828 1413 ἐφεξῆς
856 1325 1017 1408 παραλίας;
1048 1325 1086 1390 ef.
1111 1324 1240 1408 denique
1262 1325 1343 1392 Pun.

281 1453 312 1496 n.
333 1433 382 1498 h.:
404 1431 448 1498 IV
471 1435 511 1498 12
535 1433 606 1517 (20)
629 1428 971 1515 ‘compluresquoauao
994 1431 1050 1519 (eo.
1075 1431 1206 1517 insulae)
1229 1453 1264 1499 er
1289 1432 1344 1498 ed·

279 1554 365 1624 verso
395 1538 518 1606 Attioee
547 1539 612 1606 sine
643 1538 762 1624 oppidis
792 1540 919 1607 ntideo
948 1539 1110 1625 ignobiles.
1156 1539 1208 1607 sed
1237 1543 1345 1607 eontra

279 1648 421 1715 Eleusine
445 1647 529 1714 olera
552 1646 694 1726 Salamis,
718 1650 789 1714 ante
812 1666 879 1714 eam
902 1647 1069 1732 Psyttalia,
1098 1667 1116 1713 ο
1138 1646 1249 1714 Sunio
1272 1666 1343 1714 vero

279 1753 416 1822 Helene
433 1754 460 1822 V
475 1753 601 1821 distans.
637 1754 707 1820 dein
725 1753 801 1823 Ceos
817 1755 856 1822 ab
872 1774 907 1821 ea
923 1755 1054 1822 totidem
1066 1752 1133 1833 —;'
1149 1759 1188 1822 21
1207 1755 1341 1822 Ruhoeo.

345 1863 378 1927 II
402 1865 469 1944 ita
498 1862 656 1948 συμβαλὼν
679 1862 711 1926 δέ
735 1864 799 1944 περί
821 1859 924 1948 Δίρκην
947 1866 999 1950 την
1022 1859 1107 1947 ὑπὲρ
1131 1861 1278 1946 Πατρῶν
1301 1901 1342 1912 -

278 1981 343 2052 νικᾷ
366 1979 402 2054 τη
425 1971 522 2056 μάχη.
560 1970 635 2036 haee
664 1969 757 2036 rerba
786 1988 857 2036 oum
888 1970 950 2035 sint
979 1970 1011 2034 in
1041 1989 1167 2037 excursu
1196 1970 1342 2037 historico

279 2076 415 2162 Sieyonis
438 2075 636 2159 descriptioni
659 2076 782 2156 inserto,
806 2077 927 2161 Dymae
948 2076 1026 2144 situs
1046 2096 1081 2143 er
1101 2076 1228 2162 Sicyone
1248 2077 1343 2162 signi·

280 2183 390 2251 fioatus
413 2202 478 2252 esso
502 2182 633 2264 ridetur,
661 2187 693 2251 ot
715 2202 748 2252 re
771 2203 842 2250 vera
864 2186 965 2270 Dyme
988 2183 1117 2270 Sicyone
1139 2184 1343 2268 profioisoenti

277 2291 388 2358 ultra
418 2291 531 2358 Patras
561 2293 617 2358 est.
662 2290 857 2358 cuononem
885 2291 1025 2358 ordinem
1055 2291 1137 2375 apud
1167 2292 1219 2358 Ps.
1244 2292 1326 2376 Soyl.

278 2401 321 2465 40
336 2417 382 2482 sq.
396 2397 571 2478 Corinthus,
587 2398 708 2484 Sioyon,
725 2401 767 2466 42
780 2399 916 2466 Achaia:
931 2400 1066 2479 Pellene,
1083 2399 1208 2485 Aegira,
1226 2400 1340 2484 Aegae,

279 2505 425 2590 Aegium,
448 2507 582 2592 Rhypes,
606 2510 693 2574 extre
714 2507 831 2574 Rhium
854 2504 1005 2585 Petrae,
1033 2509 1162 2592 Dyme,
1192 2509 1234 2573 43
1258 2506 1341 2583 uum

277 2613 358 2699 apud
381 2612 484 2682 seran.
511 2613 589 2678 VIII
614 2615 644 2695 7,
661 2615 697 2680 4:
726 2617 800 2701 μετὰ
821 2613 955 2681 Σικυῶνα
978 2613 1120 2703 Πελληνη
1142 2623 1255 2678 κεῖται·
1280 2611 1342 2680 εἶτα
1431 2625 1434 2628 ’

277 2719 399 2808 Αἴγειρα
422 2721 561 2806 δευτέρα·
585 2725 665 2808 τρίτη
688 2719 779 2804 Αἰγαί
798 2745 857 2770 -·
882 2726 1004 2809 τετάρτη
1028 2721 1149 2806 Βοῦρα·
1172 2718 1235 2807 μετ’
1251 2718 1341 2810 αὐτὴν

277 2825 383 2915 Ἑλίκη
408 2849 467 2876 -·
491 2831 567 2915 μετὰ
590 2829 622 2892 δὲ
644 2825 766 2916 Ἑλίκην
788 2827 890 2910 Αἴγιον
913 2832 964 2892 καί
986 2825 1091 2904 Ῥίπες
1114 2832 1165 2893 καὶ
1187 2828 1341 2914 Πατρεῖς

276 2938 327 3000 καὶ
343 2934 476 3021 Φαρεῖς·
494 2932 543 3000 εἶτ’
555 2933 680 3008 Ὤλενος
699 2960 757 2984 -·
776 2934 837 3001 εἶτα
852 2934 952 3024 Δίομη
968 2939 1019 3000 καὶ
1035 2934 1169 3020 Τριταιεῖς
1185 2938 1237 3023 (el'.
1254 2939 1272 3022 ἕ
1289 2938 1339 3023 5);

276 3044 307 3110 in
330 3043 411 3113 Phn.
428 3064 458 3111 n.
475 3044 521 3110 h.:
545 3044 590 3110 IV
607 3047 626 3110 2
643 3041 692 3133 (3)
714 3062 779 3128 sqq.
801 3044 885 3112 sinus
901 3043 1091 3110 Corinthiaci
1112 3064 1176 3123 ora,
1200 3063 1278 3127 quae
1301 3045 1340 3110 ad

276 3150 496 3237 septentriones
519 3153 551 3217 et
574 3152 733 3230 orIentem,
758 3150 846 3238 5(6)
865 3169 942 3235 quae
964 3150 1004 3216 ad
1026 3150 1184 3218 meridiem
1207 3154 1339 3236 spectat:

275 3259 367 3324 urbes
389 3257 421 3325 in
444 3258 620 3326 universum
641 3258 680 3324 ah
702 3261 772 3326 ortu
793 3259 832 3324 ad
848 3277 988 3326 oceasum
1004 3261 1207 3338 reserrentur,
1231 3277 1340 3342 quam-

276 3383 380 3450 quam,
404 3366 485 3450 quod
506 3365 545 3432 ad
565 3365 661 3434 sitnm
676 3366 870 3452 singularum
886 3365 1009 3433 urbium
1025 3365 1149 3445 attinet,
1173 3365 1247 3433 ordo
1268 3385 1339 3432 eon-

276 3473 430 3551 lunditur3
455 3473 509 3540 sed
530 3472 584 3538 uhi
603 3473 700 3558 Dyme
723 3477 755 3540 ot
773 3474 887 3540 Patrae
909 3477 1136 3553 enumerantur,
1160 3472 1234 3542 ordo
1258 3475 1340 3541 reste

276 3581 432 3648 sehabet:
449 3581 642 3648 Panhormus
657 3584 774 3667 portus,
790 3582 907 3648 Rhium
919 3581 1177 3667 promunturium,
1189 3581 1338 3663 Patrae,

275 3688 308 3756 in
322 3687 553 3756 mediterraneis
572 3689 700 3768 Pherae,
723 3685 842 3755 ‘ultra
864 3689 1013 3756 Patras
1036 3689 1180 3774 oppidum
1197 3688 1338 3770 Olenum,

276 3795 394 3863 colonie
413 3793 562 3882 Dyme’;
587 3796 667 3879 apud
682 3796 781 3864 Ptol:
806 3797 852 3861 lll
871 3799 922 3876 16,
939 3799 959 3863 3
977 3817 1023 3882 sq.
1039 3797 1220 3878 Lechaeum,
1244 3797 1339 3881 Asopi

275 3907 307 3972 et
330 3901 445 3990 Sythas
470 3904 557 3984 ostia,
582 3909 601 3972 5
625 3904 763 3970 Achaea:
793 3899 926 3988 Αἴγειρα,
955 3902 1064 3986 Α’ίγιον,
1088 3901 1216 3988 Ἑρινεὺς
1240 3905 1337 3992 ληίην,

275 4010 351 4078 Ῥίον
382 4010 473 4098 ἄκρον
503 4016 534 4078 τὸ
564 4016 615 4076 καί
645 4010 803 4099 Δρέπανον,
839 4011 1025 4085 Ποσειδῶνος
1053 4009 1138 4097 ἱερόν,
1173 4012 1336 4096 Πάτραι,
