3258 4724
769 316 991 381 ...1ss-

347 529 456 578 occasu
485 512 524 577 ad
556 513 705 580 dmentem
736 513 813 578 ferre
837 512 1035 600 invenies²⁸),
1066 532 1134 578 cum
1165 516 1271 580 contra
1293 513 1411 579 Asiae

344 619 510 685 minoris
534 619 652 700 loca²⁹)
676 619 782 686 ordine
805 619 958 703 descripta
973 620 1035 686 sint
1051 621 1118 698 tali,
1142 621 1226 703 quali
1242 619 1412 686 describere

343 727 494 807 debetis,
519 727 571 810 qui
595 729 626 793 et
648 723 747 793 Asiae
770 731 801 794 et
824 727 947 794 Africae
969 728 1036 794 loca
1059 728 1227 799 marituma
1250 729 1280 795 et
1295 727 1411 792 insulas

344 833 376 898 in
399 835 577 901 uniuersum
607 834 646 900 ab
677 835 832 901 occidente
864 834 903 899 ad
935 835 1083 902 orientem
1118 835 1284 901 secundum
1317 835 1412 900 maris

342 941 456 1006 interni
480 960 565 1006 oram
588 941 893 1008 meridionalem
923 943 955 1008 ab
985 943 1065 1006 circa
1089 941 1180 1008 Asiae
1213 941 1288 1008 litus
1310 960 1411 1024 perse·

344 1051 466 1132 quatur.
505 1049 591 1132 utqui
614 1069 684 1115 cum
707 1050 848 1116 omnibus
872 1049 915 1116 eis
930 1049 1016 1129 locis,
1040 1050 1150 1132 quibus
1166 1045 1237 1134 ὑπὲρ
1253 1069 1324 1115 cum
1341 1069 1411 1133 gen.

344 1157 541 1222 coniunctum
557 1159 667 1235 exstat,
692 1155 823 1238 exceptis
845 1157 930 1234 135,
950 1159 962 1222 1
984 1157 1046 1222 VII
1062 1160 1092 1234 4,
1112 1160 1126 1222 1
1154 1157 1233 1234 119,
1252 1155 1333 1243 2⁸⁰),
1358 1175 1412 1222 neo

344 1263 476 1329 dilucide
506 1263 658 1331 indicetur
687 1283 783 1347 neque
814 1283 848 1329 ex
875 1263 942 1346 ipsa
966 1262 1117 1330 sententia
1141 1263 1282 1330 concludi
1304 1264 1411 1346 possit,

344 1371 425 1437 unde
454 1370 550 1436 situm
579 1370 709 1437 alieuius
739 1370 871 1454 regionis
902 1370 1044 1456 intellegi
1073 1370 1206 1437 uoluerit
1234 1370 1411 1450 Pausaniae,

345 1478 445 1544 facere
469 1496 528 1544 non
552 1496 689 1561 possum,
713 1477 894 1561 praesertim
918 1478 1019 1543 verbis
1043 1477 1108 1544 eius
1131 1477 1319 1560 comparatis
1341 1497 1411 1544 oum

346 1585 478 1650 aliorum
495 1585 753 1670 geographorum,
772 1584 931 1652 Strabonis
946 1585 1079 1651 maxime
1102 1587 1133 1651 et
1148 1584 1253 1664 Plinii,
1278 1585 1419 1668 descrip·'

343 1690 488 1770 tionibus,
512 1691 585 1774 quin
608 1692 689 1758 huno
709 1691 898 1776 periegetam
922 1691 1071 1758 coniciam
1085 1693 1263 1777 geographo
1279 1691 1412 1774 quodam

345 1799 543 1884 neglegenter
566 1817 657 1864 usum
679 1817 753 1876 esse,
785 1798 838 1882 qui
859 1799 928 1864 inde
949 1818 968 1864 a
990 1799 1146 1884 columnis
1161 1799 1321 1866 Herculeis
1344 1817 1412 1866 oras

345 1906 440 1972 maris
469 1905 591 1983 interni,
620 1905 827 1988 Propontidis,
866 1906 959 1972 Ponti
981 1905 1101 1986 Euxini,
1131 1907 1216 1972 lacus
1246 1906 1411 1972 Maeotidis

345 2013 480 2096 primum
504 2013 629 2096 quidem
652 2012 914 2095 septentrionales,
946 2012 1055 2079 deiude
1077 2013 1293 2080 meridionales
1317 2029 1412 2097 usque

345 2120 386 2186 ad
412 2119 538 2187 intimos
565 2121 649 2188 sinus
675 2120 778 2203 legens
801 2121 957 2203 Europae,
990 2120 1098 2186 deinde
1121 2120 1244 2188 Africae
1267 2123 1298 2188 et
1321 2121 1412 2186 Asiae

345 2231 458 2309 terras,
491 2228 600 2307 urbes,
631 2228 776 2307 flumina,
806 2228 922 2294 insulas
951 2247 1046 2312 usque
1072 2229 1111 2294 ad
1134 2229 1264 2294 Tanaim
1288 2228 1411 2306 flumen,

346 2335 487 2420 Europae
511 2335 658 2403 nimirum
681 2335 833 2418 Asiaeque
856 2336 959 2413 finem,
990 2335 1183 2402 describeret.
1213 2337 1318 2419 itaque
1343 2355 1413 2402 cuum

345 2442 476 2526 scriptor
506 2442 589 2508 viam
618 2443 656 2508 ab
681 2445 804 2509 auctore
828 2461 883 2509 suo
906 2443 937 2507 in
960 2443 1036 2508 locis
1066 2441 1253 2511 recensendis
1284 2443 1413 2509 electam

347 2571 433 2618 suam
458 2551 551 2617 faciat
574 2570 670 2634 neque
693 2553 796 2617 tamen
821 2551 985 2634 quicquam
1008 2549 1045 2615 de
1069 2569 1104 2615 ea
1127 2569 1165 2622 re,
1179 2549 1342 2634 significet,
1365 2549 1412 2625 fit,

350 2661 385 2725 ut
408 2658 468 2724 viri
490 2658 573 2725 docti
589 2657 626 2724 de
641 2658 805 2724 uerbomm
821 2657 886 2723 eius
901 2656 1024 2724 notione
1039 2658 1199 2740 tantopere
1216 2655 1412 2732 dissentiont;

348 2784 431 2844 nam,
466 2767 501 2831 ut
532 2765 668 2848 exempla
699 2765 816 2848 aliquot
842 2765 981 2841 efferam,
1012 2764 1043 2828 in
1074 2762 1327 2845 interpretatione
1358 2780 1413 2827 rua

350 2869 534 2938 Germanica
550 2871 727 2939 Siebelisius
747 2871 849 2938 locum
870 2871 915 2936 IV
929 2873 1014 2950 23,5
1030 2869 1074 2936 sie
1090 2871 1199 2936 vertit:
1216 2865 1412 2953 ‘Zakyntbua

347 2978 402 3044 das
425 2979 629 3063 Kephallenia
659 2981 886 3064 geganiiber
913 2974 1060 3064 liegt'³¹),
1090 2976 1279 3043 Sobubartus
1309 2978 1413 3043 autem

351 3087 430 3152 Vlll
446 3089 543 3165 54,ss
575 3087 636 3156 ita:
669 3083 747 3172 ‘tder
775 3083 929 3170 Alpheus)
963 3085 1091 3169 ergiesst
1125 3084 1191 3150 sich
1223 3081 1412 3150 eberbalb

347 3212 560 3221 ———-

420 3259 452 3334 ²⁸)
472 3264 487 3317 I
500 3264 544 3329 30,
556 3263 574 3319 3
587 3262 684 3326 (taliae,
697 3262 842 3318 Rhodanus
853 3261 1015 3332 (Eridanus),
1029 3262 1148 3332 Ligures,
1163 3259 1202 3315 IV
1216 3259 1259 3326 23,
1274 3263 1290 3314 5
1303 3259 1413 3330 Cephal-

347 3353 432 3418 lenia,
452 3353 616 3425 Zacynthus,
635 3353 663 3408 ll
677 3354 733 3419 9,2
752 3353 861 3417 Patrae,
880 3352 978 3422 Dyme,
998 3350 1068 3404 VIII
1081 3351 1155 3417 54,3
1175 3348 1294 3421 Cyllene,
1317 3348 1413 3419 Alphei

347 3445 454 3509 ostium,
473 3443 572 3509 135,1
593 3443 680 3498 insula
696 3443 822 3508 Patrocli,
841 3441 956 3498 Sunium
969 3440 1189 3514 promunturium,
1208 3439 1305 3494 Helene
1317 3439 1413 3502 insula,

346 3533 388 3588 IX
401 3533 444 3597 22,
457 3535 474 3588 6
491 3533 582 3600 Paros,
601 3532 698 3589 Naxos.

419 3621 452 3689 ²⁹)
471 3621 525 3678 VII
539 3622 564 3688 2,
577 3621 638 3676 4-
648 3622 704 3677 VlI
716 3622 733 3676 4
747 3624 775 3676 et
787 3621 839 3676 Vll
853 3623 878 3686 5,
894 3622 905 3675 1
922 3620 980 3675 loca
991 3619 1136 3675 marituma
1148 3635 1164 3673 a
1175 3619 1268 3674 Mileto
1280 3617 1315 3671 ad
1327 3618 1413 3688 Smyr·

347 3727 409 3766 nam
427 3727 516 3781 usque,
537 3711 592 3766 VII
604 3712 659 3777 4,1
680 3711 781 3777 Samos,
802 3709 890 3776 Chios,
914 3709 1016 3766 ibidem
1034 3708 1146 3778 Mycale,
1166 3707 1268 3773 Samos,
1281 3707 1327 3784 ¹IX
1341 3707 1412 3772 11,5

348 3799 450 3868 Samos,
469 3800 565 3866 Icaria,
584 3801 677 3867 Χ9,9
696 3801 794 3855 Mimas
813 3817 897 3866 mons,
917 3799 1005 3864 Chios,
1026 3799 1069 3854 ΙΙΙ
1082 3798 1135 3862 2,1
1156 3797 1252 3863 Aeolis,
1271 3797 1380 3854 Lesbos.

422 3888 457 3958 ³⁰)
476 3888 517 3946 Cf.
536 3893 625 3945 tamen
645 3891 679 3946 ad
697 3890 768 3945 hune
786 3890 872 3946 locum
891 3907 970 3960 supra
984 3907 1012 3959 p.
1026 3891 1042 3944 9
1056 3905 1094 3959 sq.

424 3977 459 4050 ⁸¹)
477 3977 518 4035 Ol.
537 3996 562 4048 p.
582 3981 667 4035 478¹:
687 3978 773 4034 ‘nicht
790 3977 894 4034 <‘inber'’
913 3978 975 4034 oder
993 3974 1140 4046 <‘jenseits”
1160 3975 1345 4046 Kephallenia,
1364 3973 1414 4030 wie

350 4065 465 4124 andere’.
