3262 4730
689 304 910 368 ..15-

331 501 399 566 lam
423 501 503 568 addo
525 502 674 568 nonnulla
696 503 843 585 exempla,
868 501 978 586 quibus
1001 501 1228 568 demonstretur
1249 503 1330 570 Pau-

264 608 382 674 saniam
407 609 494 676 nulla
517 610 582 676 eius
605 610 675 689 loci,
707 629 796 694 quem
826 611 889 693 ipse
918 610 1047 691 obtinet,
1078 611 1196 677 ratione
1223 611 1330 678 habita

264 717 332 784 loca
355 713 502 808 peristep
527 716 576 804 (=
592 714 748 802 ienseits’)
772 719 956 801 particulam
981 718 1150 804 designare.

333 824 377 890 lx
402 827 453 903 ll,
471 828 490 891 5
521 824 714 907 ἀποπνιγέντα
738 826 770 890 δὲ
788 823 941 920 ἐξήνεγκεν
957 823 973 888 ὁ
989 826 1105 891 κλάδων
1121 824 1152 898 ἐς
1167 830 1218 913 τὴν
1239 823 1329 910 ὑπὲρ

265 930 394 1016 Σάμου
417 942 504 1019 νῆσον
528 931 564 1017 (ί.
581 952 608 998 ο.
625 933 778 1013 Icariam).
813 954 849 999 er
873 934 996 1014 Thebis,
1021 934 1058 1000 de
1082 935 1192 1017 quibus
1216 936 1330 1000 Pausa-

265 1039 332 1104 nias
355 1041 413 1105 hoc
436 1040 502 1108 loco
527 1041 605 1125 agit,
634 1045 671 1107 ut
694 1041 812 1108 Icariae
836 1041 913 1110 situs
937 1042 981 1107 sic
1004 1041 1176 1122 definiatur,
1208 1042 1330 1108 omnino

266 1147 331 1212 fieri
355 1167 414 1214 non
438 1150 556 1232 potest;
586 1149 683 1216 immo
714 1149 739 1214 si
770 1148 845 1214 haec
875 1149 967 1216 verba
994 1169 1063 1214 cum
1086 1150 1152 1214 loco
1175 1150 1237 1215 Vll
1262 1153 1323 1227 l,l

266 1255 501 1338 comparaveris
532 1256 767 1340 descriptionem
797 1257 861 1322 illic
884 1257 1061 1322 incohatam
1085 1258 1135 1322 hic
1158 1258 1330 1323 continuari

266 1361 442 1447 intelleges:
475 1383 546 1430 nam
570 1365 662 1432 Samo
685 1364 815 1430 Icariam
841 1363 994 1430 traicienti
1017 1364 1075 1430 soli
1097 1365 1197 1430 locria
1219 1366 1330 1430 ultra

266 1467 392 1536 Samum
416 1473 473 1537 est.
508 1471 588 1538 idem
604 1472 664 1540 iter
680 1475 771 1556 atque
786 1472 956 1538 Pausanias
971 1472 1033 1537 Vll
1050 1475 1080 1550 4,
1101 1475 1116 1535 l
1134 1475 1165 1536 et
1181 1473 1227 1538 IX
1247 1475 1328 1550 11,5

267 1575 378 1642 Strabo
408 1597 527 1662 queque
557 1583 611 1645 aut
636 1580 740 1662 potius
766 1578 981 1646 Artemidorus
989 1579 1031 1665 25)
1055 1579 1145 1646 fecit:
1170 1581 1245 1644 XlV
1265 1583 1329 1657 l,5

266 1683 409 1768 Didyma,
436 1689 454 1751 6
476 1705 521 1768 sq.
543 1687 681 1766 Miletus,
705 1690 777 1754 ante
800 1707 868 1754 eam
892 1687 983 1770 Lade,
1009 1689 1167 1772 Tragaeae
1191 1688 1330 1771 aliaeque

265 1791 394 1870 insulae,
427 1795 446 1858 8
470 1813 514 1877 sq.
539 1795 670 1879 Pyrrha,
694 1795 853 1874 Heraclea,
880 1798 920 1861 10
944 1795 1048 1879 Myue,
1075 1798 1114 1860 12
1139 1815 1184 1877 sq.
1209 1796 1329 1874 Priene,

267 1898 423 1985 Mycale
445 1920 542 1980 mons,
567 1902 724 1986 Trogilius
738 1901 987 1986 promunturium
1008 1921 1078 1967 cum
1094 1902 1194 1968 insula
1211 1903 1329 1968 obiecta

267 2005 402 2074 eiusdem
426 2009 567 2091 nominis,
599 2011 639 2075 14
667 2007 725 2074 άπὸ
750 2009 782 2072 δὲ
805 2019 859 2097 τῆς
881 2006 1042 2093 Τρωγιλίοο
1065 2009 1160 2094 (quod
1183 2029 1330 2093 promun-

267 2114 384 2180 turium
415 2135 485 2198 pars
515 2119 561 2184 est
588 2118 701 2183 montis
718 2117 874 2203 Mycales)
907 2117 1019 2180 στάδιοι
1048 2121 1260 2202 τετταράκοντα
1289 2115 1330 2189 είς

266 2223 318 2308 τὴν
345 2218 486 2308 Σάμον,
520 2226 560 2290 19
584 2228 757 2310 παράκειται
787 2225 819 2288 δὲ
848 2233 885 2309 cp
915 2221 1027 2310 Σάμῳ
1056 2235 1146 2310 νῆσος
1170 2223 1328 2308 Ἰνιαρία.

267 2326 374 2396 deiude
397 2330 437 2396 ad
457 2349 542 2397 oram
563 2351 702 2398 reuersus
722 2333 801 2396 haue
819 2349 909 2414 porro
928 2334 1090 2415 peragrat:
1115 2335 1157 2398 20
1174 2351 1239 2414 sqq.
1257 2333 1330 2416 μετὰ

267 2434 299 2498 δὲ
321 2437 369 2501 τὸν
389 2435 499 2524 Σάμιον
521 2441 658 2524 πορθμὸν
681 2441 729 2504 τὸν
745 2441 818 2524 πρὸς
832 2435 965 2522 Μοαὰλιρ
987 2439 1124 2502 πλέουσιν
1147 2435 1330 2527 είςἜφεσον

266 2537 296 2604 ἐν
312 2541 392 2627 δεξιά
407 2541 482 2610 ἐστίν
497 2543 517 2633 ἡ
534 2542 676 2635 Ἐφεσίων
692 2547 836 2630 παραλίας
856 2545 1049 2625 Panionium,
1066 2547 1213 2629 Ephesus
1230 2550 1271 2613 27
1285 2567 1329 2630 sq.

268 2647 434 2734 Colophon,
465 2656 507 2719 29
531 2672 575 2736 sq.
604 2653 753 2735 Lebedus,
782 2655 870 2720 Teos.
899 2689 940 2702 -
969 2653 1059 2737 plane
1082 2654 1188 2720 eadem
1212 2655 1330 2720 ratione

266 2751 338 2841 ὑπέρ
360 2759 512 2841 particula
535 2781 606 2827 cum
630 2781 692 2828 acc.
712 2764 861 2845 usurpata
880 2765 928 2828 est
947 2762 1028 2846 apud
1044 2760 1149 2846 Steph.
1166 2764 1242 2847 Byr.
1258 2781 1282 2828 s.
1300 2783 1328 2827 u.

266 2860 522 2950 Φαρμακοῦσσαιι
558 2866 600 2932 Φ.
625 2869 678 2932 δίο
707 2879 790 2957 νῆσοι
819 2872 944 2956 πλησίον
975 2867 1151 2954 Σαλαμῖνος.
1191 2869 1250 2932 ’ἐστι
1279 2872 1330 2933 καί

251 2971 345 3061 άλλη
361 2970 452 3060 ὑπὲρ
469 2975 655 3064 Μίλητονι
678 2979 772 3044 etiam
788 2976 960 3060 Stephanus
975 2977 1088 3056 locum,
1104 2997 1139 3042 ex
1155 2995 1214 3060 quo
1231 2977 1329 3041 Phar-

267 3099 423 3149 macussae
446 3083 539 3150 situm
562 3085 679 3163 definit,
703 3085 858 3168 appellare
881 3083 1025 3169 neglexit.

332 3189 387 3256 III
409 3193 476 3270 2,Ῑ
510 3189 527 3256 ὁ
556 3192 587 3256 δέ
615 3189 642 3256 οἱ
668 3197 810 3278 πρόγονος
840 3190 988 3263 Πενθίλος
1010 3189 1127 3276 Λέσβον
1157 3195 1208 3278 τὴν
1238 3188 1328 3276 ὑπὲρ

266 3305 333 3383 τῆς
355 3293 514 3385 ἠπείρου
538 3300 680 3387 ταίιτης
703 3302 757 3384 (sc.
774 3295 927 3385 Αἰολίδος)
951 3309 1039 3386 νῆσον
1063 3295 1146 3362 είλεν.
1183 3317 1217 3362 en
1234 3299 1328 3362 Laco-

337 3441 371 3510 “)
391 3441 487 3497 Strabo
506 3458 565 3497 cum
578 3441 690 3498 Troadis
708 3459 781 3498 oram
799 3440 920 3512 (XIIII,
941 3441 974 3496 10
988 3442 1058 3511 sqq.)
1076 3439 1328 3510 aseptentrionibns

266 3529 298 3585 ad
317 3530 454 3588 meridiem
472 3531 585 3602 explicat
602 3535 630 3587 et
648 3531 718 3588 hunc
736 3530 852 3588 ordinem
878 3531 906 3584 in
925 3530 1006 3599 Lycia
1024 3529 1057 3586 ab
1077 3545 1169 3584 occasu
1188 3528 1221 3584 ad
1240 3531 1328 3584 ortum

266 3617 400 3691 descripta
416 3621 494 3690 (XIV
512 3623 536 3687 8,
556 3621 573 3676 2
592 3622 664 3692 sqq.)
683 3622 744 3691 apte
763 3621 906 3687 continuet,
932 3622 1071 3690 postquam
1090 3618 1207 3674 Aeolidis
1227 3620 1328 3688 portem

265 3709 408 3766 maximam
427 3709 517 3766 eodem
536 3710 626 3766 ordine
644 3727 696 3781 qno
709 3709 838 3767 Troadem
851 3713 1001 3780 persecutns
1014 3713 1054 3764 est
1066 3709 1148 3778 (XIII
1163 3709 1186 3771 1,
1205 3709 1239 3762 49
1250 3709 1328 3778 sqq),

265 3797 357 3854 subito
374 3798 432 3855 loca
444 3800 589 3856 marituma
608 3816 624 3855 a
637 3799 719 3870 Cyme
737 3799 771 3854 ad
783 3799 929 3856 Atarneum
948 3797 1032 3870 (XIII
1045 3799 1069 3864 3,
1083 3799 1110 3868 5)
1123 3799 1225 3854 inverso
1237 3797 1330 3852 ordine

265 3892 398 3958 percenset
415 3891 547 3946 auctorem
566 3890 706 3946 nominans
724 3889 928 3946 Artemidorum.
956 3905 1009 3960 qua
1033 3887 1065 3942 de
1089 3905 1169 3944 causa
1189 3887 1251 3942 huic
1269 3903 1326 3941 eum

265 3979 347 4034 etiam
365 3995 436 4034 oram
454 3977 574 4034 Ionicam
592 3978 670 4052 (XIV
684 3981 707 4046 1,
722 3981 737 4036 5
750 3980 820 4050 sqq.)
837 3981 865 4034 at
878 3979 997 4036 Caricam
1016 3977 1092 4044 (XIV
1105 3979 1130 4045 2,
1149 3977 1245 4048 2sqq.)
1264 3977 1328 4032 item

265 4067 408 4124 ameridie
426 4068 459 4123 ad
479 4071 670 4138 septentriones
689 4069 847 4140 descriptam
867 4069 959 4125 debere
977 4071 1031 4124 veri
1050 4068 1214 4123 simillimum
1234 4067 1282 4122 est
