3258 4724
673 271 892 332 ..37..

249 461 389 548 aam⁸⁰))
410 466 463 526 nod
479 465 511 525 ab
528 467 592 545 aspi
607 461 851 550 Μαγνησίαν
873 466 925 526 aad
948 461 1195 548 Mnonaroc⁸¹).
1221 483 1318 546 neque

249 587 319 636 uero
335 570 394 634 hae
409 569 501 634 narbas
516 565 609 634 ‘bans
630 566 851 647 Maeandrum,
867 572 904 634 ut
920 569 1097 636 Siebelisius
1114 570 1145 636 in
1162 569 1317 636 adnotati-

249 675 356 742 onibus
367 675 513 742 editionis
527 695 599 742 suae
609 675 673 760 (IV
682 696 711 758 p.
724 675 802 762 288)
816 677 938 755 statuit,
952 677 1068 760 positae
1080 696 1142 744 esse
1155 677 1315 743 dicuntur:
1355 700 1359 710 ’

249 800 309 849 non
333 783 414 849 enim
439 801 545 850 omnes
567 783 599 848 in
615 783 721 850 eadem
738 783 898 850 Maeandri
920 783 987 867 ripa
1009 787 1106 865 erant,
1130 785 1183 851 sed
1205 785 1317 850 Hiera-

247 890 328 974 polis
350 893 383 956 et
401 890 496 975 Mpus
516 890 549 956 in
572 890 670 968 laeva,
694 891 724 956 in
746 890 853 956 dextra
873 891 969 976 Nysa,
992 891 1114 972 Trallis,
1136 891 1316 976 Magnana3

209 1031 213 1042 ι
249 998 276 1063 si
298 1000 403 1064 autem
427 997 627 1064 concedamus
642 997 826 1088 Pausaniam
850 998 941 1063 nrbes
963 998 995 1062 in
1018 1019 1079 1063 una
1102 1001 1225 1064 tantum
1246 998 1316 1082 ripa

249 1105 324 1171 sitas
348 1105 520 1189 significare
543 1105 686 1183 voluisse,
711 1123 749 1171 ne
772 1108 839 1170 tum
863 1105 987 1187 quidem
1011 1105 1065 1184 sic,
1088 1107 1125 1172 ut
1142 1105 1318 1173 Siebelisius

247 1211 331 1291 fecit,
355 1214 474 1278 nartem
497 1212 578 1279 licet.
602 1231 675 1278 nam
698 1231 804 1278 earum
822 1212 915 1278 situm
933 1231 968 1278 ex
984 1212 1082 1279 altera
1096 1212 1232 1278 fluminis
1252 1213 1317 1296 ripa

248 1338 280 1384 se
303 1319 533 1386 describemus
561 1319 654 1386 uerbo
682 1319 802 1402 quidem
830 1320 989 1403 periegeta
1015 1322 1246 1387 commemorat.
1302 1321 1317 1385 t

248 1445 367 1508 supra
387 1425 586 1494 Maeandrum
609 1425 700 1491 urbes
714 1425 786 1492 illes
800 1427 879 1494 sitas
894 1426 988 1492 fuisse
1004 1425 1089 1492 dIcit.
1114 1445 1218 1492 omnes
1233 1426 1316 1494 enim

248 1531 279 1598 ia
302 1532 380 1598 locis
403 1531 505 1610 odilla,
528 1549 605 1615 quae
621 1532 781 1598 Maeandri
796 1551 940 1616 campum
959 1535 1113 1615 superant,
1136 1532 1317 1600 aedificatae

248 1639 351 1706 orant:
368 1638 585 1722 Hierapolis
600 1639 685 1706 urnis
698 1638 762 1705 alta
775 1659 845 1706 area
856 1659 945 1723 super
957 1639 1031 1724 Lyci
1044 1639 1179 1706 fluminis
1190 1639 1317 1724 planiti-

248 1765 313 1824 em,
338 1764 415 1829 quae
437 1745 469 1812 in
494 1745 654 1812 Maeandri
677 1745 791 1812 vallem
813 1745 964 1824 decurrit,
992 1746 1115 1814 circiter
1135 1745 1184 1812 CC
1208 1747 1317 1812 metris

248 1851 452 1939 assurgit⁸²);
487 1851 786 1918 Trallianorum
815 1851 961 1918 ruderum
991 1856 1094 1936 porta,
1129 1873 1205 1937 quae
1235 1852 1317 1919 inter

248 1958 407 2024 meridiem
429 1961 461 2024 et
484 1958 633 2026 edentem
657 1962 784 2044 spectat,
817 1959 937 2026 axau
966 1961 1074 2026 metus
1103 1960 1241 2043 superior
1270 1964 1318 2026 est

248 2085 339 2147 quam
364 2064 526 2132 Maeandri
547 2066 738 2149 superficies,
771 2069 805 2132 et
834 2085 904 2145 arn,
936 2085 1013 2148 quae
1040 2067 1072 2132 in
1096 2067 1317 2149 septentriones

248 2175 359 2260 vergit,
384 2174 597 2242 dclxxxvi
620 2174 790 2262 metris⁸³);
815 2177 916 2260 Nysa
939 2175 1034 2240 simili
1057 2175 1119 2240 altu
1143 2175 1316 2258 utiturque

249 2283 363 2350 Trallis
370 2282 426 2364 84);
444 2282 635 2368 Magnesia
652 2285 699 2348 est
714 2283 860 2365 positam
876 2282 956 2348 ualle
971 2301 1048 2364 quae
1065 2278 1316 2348 dicitur‘Aineh·

252 2445 463 2454 -———-—-——-—

319 2547 354 2618 ⁸⁰)
374 2547 464 2606 Strab.
484 2547 589 2618 xlvl,
605 2547 640 2602 44
665 2547 690 2600 ἐν
715 2545 741 2600 δὲ
765 2553 797 2618 τῇ
817 2546 869 2618 ὁδῷ
888 2554 920 2618 τῇ
940 2547 1036 2618 μεταξὺ
1056 2555 1105 2600 τῶν
1119 2545 1261 2620 Τράλλεων
1274 2549 1317 2600 καὶ

249 2635 344 2709 Νύσης
363 2638 444 2710 κώμη
463 2643 515 2690 τῶν
533 2635 662 2690 Νυσαέων
682 2637 745 2690 ἐστὶν
768 2636 818 2690 οὐκ
842 2635 950 2690 ἄπωθεν
975 2643 1023 2710 τῆς
1043 2637 1145 2700 πόλεως
1164 2636 1315 2710 Ἀχὰρανα,

252 2720 309 2798 ἐνῇ
330 2729 359 2780 τὸ
372 2725 545 2792 Πλουτώνιον,
565 2727 624 2798 ἔχον
642 2729 686 2780 καὶ
705 2726 788 2790 ἄλσος
807 2726 948 2790 πολυτελὲς
967 2729 1011 2780 ναὶ
1029 2729 1095 2780 νεὼν
1113 2727 1270 2790 Πλούτωνος
1289 2745 1316 2780 τε

250 2817 294 2869 καὶ
312 2814 416 2889 Κόρης,
435 2817 480 2868 ναὶ
497 2819 526 2870 τὸ
545 2816 693 2889 Xeropotamos,
713 2815 805 2888 ἄντρον
824 2821 902 2885 cett.;
921 2817 954 2872 cl.
975 2817 1041 2872 ibid.
1059 2819 1076 2884 ὅ
1094 2819 1137 2872 45.

320 2915 352 2984 ⁸¹)
373 2915 461 2973 Strab.
482 2915 547 2970 XIV
562 2917 585 2983 1,
600 2916 633 2970 10
650 2933 703 2984 sq:
727 2913 866 2986 Χαρώνιον
885 2915 1055 2984 Thymbriae,
1074 2915 1102 2970 in
1120 2914 1215 2972 Certae
1237 2931 1314 2986 pago,

251 3005 321 3060 iuter
339 3005 477 3078 Myuntem
498 3005 720 3076 etMagnesiam,
740 3004 786 3060 sed
805 3004 912 3076 propius
931 3004 1047 3073 Myunti,

320 3101 355 3172 ⁸²)
374 3103 453 3158 Hunc
472 3103 626 3158 altitudinis
644 3119 781 3158 numerum
801 3107 829 3158 et
846 3103 1012 3172 insequentes
1026 3103 1143 3157 Fabricii
1155 3103 1315 3160 liberalitati

248 3191 335 3250 debeo.
350 3191 382 3246 cf.
398 3191 486 3247 Strab.
500 3191 570 3246 XIII
582 3192 608 3258 4,
624 3191 665 3258 l4,
679 3190 866 3246 eclanensi
879 3189 1160 3247 ‘ReiscninKleinas'
1174 3191 1214 3246 ed.
1225 3191 1315 3246 Germ.

247 3281 320 3350 Lips.
341 3278 418 3346 1776,
436 3299 462 3352 p.
477 3282 529 3336 322
542 3299 608 3352 sqq„
628 3281 670 3336 W.
684 3281 706 3338 1.
719 3281 883 3337 Hamiltonis
902 3279 983 3336 ‘aeia
1001 3282 1029 3336 in
1049 3281 1175 3346 Kleinas.,
1196 3281 1272 3337 Pont.
1289 3300 1315 3338 u.

248 3369 363 3429 Armen.³
382 3371 511 3425 vereionia
530 3371 621 3426 Germ.
640 3371 713 3440 Lips.
734 3371 812 3436 1843,
832 3369 846 3424 1
864 3388 890 3441 p.
903 3371 954 3426 471
969 3387 1026 3442 sqq.

318 3467 353 3537 ⁸⁸)
373 3467 414 3524 df.
435 3469 523 3528 Strab.
542 3469 607 3524 XIV
627 3469 650 3535 1,
668 3469 710 3536 42,
732 3467 763 3524 Ο.
783 3469 876 3539 Rayet.
902 3472 930 3523 et
952 3470 984 3530 A,
1005 3469 1119 3524 Thomas
1139 3467 1227 3523 ‘Milet
1245 3471 1273 3523 et
1291 3467 1316 3522 lo

247 3557 319 3642 golla
337 3557 489 3630 Latmiqae’
509 3558 523 3612 I
542 3577 570 3628 p.
582 3561 617 3612 44
630 3576 687 3630 sqq.
705 3576 767 3614 eum
786 3559 841 3616 tab.
861 3560 882 3623 I,
896 3559 935 3624 II,
949 3560 999 3618 III.

319 3655 411 3724 84)(11.
431 3656 520 3711 Strab.
540 3656 605 3712 XIV
625 3657 696 3720 1,43
715 3658 780 3728 πρὸς
798 3654 825 3707 δὲ
845 3655 917 3710 νότον
937 3655 1119 3710 incubanda
1137 3661 1169 3726 τῇ
1194 3653 1267 3708 πόλει
1286 3658 1314 3708 ab

248 3742 340 3810 πεδίον,
360 3745 482 3816 καθάπερ
502 3745 546 3798 καὶ
569 3751 627 3807 ταῖς
647 3742 805 3816 Τράλλεσιν,
829 3745 971 3802 Chandler.
989 3747 1007 3801 l.
1026 3763 1048 3800 c.
1067 3763 1092 3816 p.
1105 3745 1156 3799 798
1175 3762 1247 3815 sqq,
1269 3745 1316 3816 qui

246 3834 337 3888 ruinas
350 3833 447 3905 Nysae,
466 3850 533 3904 quae
547 3835 615 3890 circa
629 3833 852 3888 ‘Sullam-Hissar’
867 3839 939 3900 sunt,
953 3834 1087 3899 describit,
1101 3833 1148 3889 sed
1161 3833 1189 3888 in
1202 3851 1314 3888 errorem

247 3921 372 3978 inductus
391 3939 438 3993 pro
457 3923 584 3978 Trallmm
605 3925 633 3978 et
650 3922 740 3992 Nysae
757 3922 848 3988 habet,
869 3921 916 3978 Ch.
938 3922 1071 3978 I'ellowsii
1090 3921 1266 3980 ‘Disooueries
1286 3922 1314 3976 iu

247 4011 337 4083 Lycia’
355 4030 382 4082 p.
394 4012 438 4067 27.
