3258 4724
693 273 915 358 ..12'..

272 495 345 577 geta
374 493 438 558 siue
468 491 561 556 dubio
592 494 711 557 certum
742 490 881 556 ordinem
908 490 1079 556 insularum
1103 489 1273 575 Cycladum
1303 489 1335 555 iu

271 603 374 665 menie
396 600 500 680 habel,
524 617 584 684 quo
599 599 698 665 Parus
713 600 784 666 ante
799 598 923 664 Naxum
940 596 1099 664 nominata
1114 598 1191 676 erat,
1216 595 1253 661 de
1274 615 1334 681 quo

269 711 372 773 lamen
405 707 483 772 nihil
514 707 605 790 plane
639 705 796 774 nobiscum
828 705 1044 772 communicat.
1083 702 1121 771 el.
1152 704 1203 769 Ps.
1235 703 1334 790 Scyl.:

268 817 310 882 55
335 814 509 893 Corinthus,
542 816 584 880 56
608 813 747 898 Megara,
776 815 817 879 57
841 812 958 893 Attica,
991 814 1032 880 58
1055 821 1139 899 νῆσοι
1161 808 1333 883 Kouaene

267 924 344 986 κατὰ
368 922 399 985 δὲ
422 925 473 1009 την
489 918 627 1009 Ἀττικήν
649 917 703 985 εἰσι
725 931 809 1008 νῆσοι
831 916 861 983 αἱ
883 918 1045 991 Κονιλάδες
1067 919 1257 1004 καλοίμεναι,
1280 920 1332 982 καί

267 1029 366 1101 πόλεις
388 1026 453 1092 αἵδε
476 1027 506 1093 ἐν
529 1037 593 1101 ταῖς
615 1034 730 1114 νήσοις·
755 1025 845 1100 Κέως
860 1048 918 1074 -·
935 1023 1041 1113 Ἑλένη
1052 1026 1110 1110 17)·
1133 1024 1258 1099 Κίθνος
1276 1047 1331 1073 --·

268 1135 392 1224 Σέριρος
408 1155 459 1184 -·
476 1134 594 1224 Σίρνος·
611 1134 799 1219 Πάρος-·
817 1133 951 1208 Νάξος·
969 1130 1084 1220 Δῆλος·
1101 1129 1206 1220 Ῥήνη·
1224 1131 1332 1217 Σῦρος·

269 1241 409 1315 Μὺκονος
435 1265 486 1290 -·
511 1240 606 1330 Τηνος
629 1265 683 1290 -·
703 1240 835 1328 Ἂνδρος
860 1264 911 1288 -·
939 1237 1023 1304 αὗται
1045 1243 1097 1328 μὲν
1120 1237 1151 1304 αἱ
1173 1239 1334 1313 Κοκλάδες

268 1361 360 1437 νησοι.
380 1387 419 1396 —-
444 1353 519 1437 μετὰ
542 1349 574 1413 δὲ
587 1347 718 1436 Ἀνδρον
734 1347 846 1435 Εὔβοια
860 1360 964 1437 νησος;
988 1347 1091 1415 Strab.
1112 1349 1142 1414 X
1165 1351 1196 1428 5,
1209 1351 1244 1414 3:
1269 1345 1334 1411 κατ’

268 1456 365 1544 ἀρχάς
388 1461 439 1543 μὲν
464 1454 512 1521 οὖν
537 1457 655 1521 δώδεκα
677 1457 731 1540 (sc.
754 1455 930 1542 Κυκλάδας)
954 1457 1102 1538 λέγονται·
1127 1459 1333 1539 προσεγένοντο

267 1565 299 1628 δὲ
322 1567 373 1627 καί
395 1565 521 1637 πλείους.
559 1561 778 1651 Ἀρτεμίδωρος
800 1573 868 1646 γοῦν
891 1561 951 1649 (ιε’)
976 1563 1171 1650 διαριθμεῖται
1193 1565 1259 1646 περί
1280 1572 1334 1650 της

266 1668 389 1758 Ἑλένης
405 1668 502 1746 εἰπών,
518 1669 560 1736 ὅτι
576 1668 634 1735 ἀπὸ
651 1671 778 1756 Θορίκοο
794 1676 883 1758 μέχρι
898 1669 1017 1736 Σοονίοο
1033 1674 1215 1756 παράκειται,
1231 1674 1333 1756 μακρά

267 1779 390 1844 σταδίων
417 1776 486 1842 ὅσον
515 1776 660 1866 ἑξήκοντα
689 1782 721 1842 τὸ
749 1789 863 1865 μηκος·
891 1777 951 1842 ἀπὸ
979 1781 1087 1865 ταίτης
1110 1781 1167 1864 γάρ
1190 1799 1278 1865 φησιν
1302 1773 1332 1840 ul

266 1887 446 1972 καλοίμενοιι
461 1884 622 1958 Κονιλάδες
638 1883 719 1951 εἰσίν·
743 1883 878 1971 ὀνομάζει
899 1887 931 1950 δὲ
946 1884 1028 1962 Κέω,
1052 1888 1104 1973 τὴν
1126 1881 1272 1966 ἐγγυτάτω
1295 1895 1332 1970 τη

267 1989 382 2076 Ἑλένη,
411 1996 461 2056 καί
485 1997 559 2079 μετὰ
581 1994 687 2080 ταίιτην
710 1992 832 2059 Κὺδνον
855 1997 906 2058 καί
928 1992 1050 2080 Σέριφον
1073 1995 1125 2056 οιαὶ
1147 1991 1254 2079 Μῆλον
1280 1995 1333 2055 καί

266 2097 370 2186 Σίρνον
398 2103 449 2163 καί
472 2098 614 2186 Κίμωλον
641 2105 692 2165 καὶ
715 2100 918 2185 Πρεπέσινθον
946 2102 997 2164 καὶ
1019 2097 1154 2184 Ὠλίαρον
1181 2102 1232 2163 καί
1258 2101 1331 2184 πρὸς

265 2209 382 2278 ταίταις
414 2206 547 2291 Πάρον,
581 2206 714 2284 Νάξον,
747 2207 850 2292 Σῦρον,
883 2206 1029 2284 Musecros,
1062 2204 1168 2295 Τῆνον,
1189 2204 1329 2291 Ἄνδρον,

264 2311 288 2376 Γ
289 2313 386 2397 ι’)αρον.

255 2447 258 2458 ·
330 2421 346 2484 Ι
374 2424 481 2504 30,3:
515 2420 632 2504 Λιγίιων
662 2432 717 2488 τῶν
741 2419 896 2506 Ἠριδανοῦ
927 2426 1020 2508 πέραν
1052 2419 1137 2507 ὑπὲρ
1169 2432 1234 2508 γῆς
1265 2432 1330 2509 της

264 2524 444 2616 Κελτικῆς
474 2528 592 2594 Κίοινον
619 2567 655 2576 -
681 2532 820 2610 γενέσθαι
849 2530 974 2613 βασιλέα
1005 2534 1085 2617 φασί.
1124 2530 1167 2595 sic
1190 2528 1328 2608 codicem

263 2634 440 2702 Dindorfius
463 2634 525 2722 (ed.
546 2637 642 2720 prael.
665 2656 696 2719 ρ.
713 2636 790 2721 Xll)
813 2635 888 2701 locis
911 2637 1016 2715 14,1
1042 2639 1074 2702 el
1096 2636 1124 2702 ll
1149 2638 1240 2715 14,3
1263 2636 1327 2702 eol·

262 2741 335 2807 lalis
361 2738 432 2828 ὑπὲρ
461 2743 584 2824 delevit,
614 2742 804 2811 Schubcrtus
834 2743 920 2808 uncis
951 2742 1062 2809 saltem
1091 2741 1227 2810 inclusit.
1265 2762 1325 2810 non

262 2852 366 2916 lamen
387 2851 465 2916 mihi
484 2851 576 2918 fidem
596 2850 742 2918 leceumt.
777 2852 851 2916 haec
874 2850 955 2916 enim
979 2850 1072 2918 verba
1094 2854 1131 2916 ut
1152 2850 1316 2936 intellegas

263 2959 385 3039 oportet
406 2959 486 3025 recle
507 2958 623 3025 iudices
646 2958 683 3024 de
706 2958 850 3025 Eridano.
884 2957 1062 3024 Dindorfius
1082 2977 1152 3024 eum
1168 2976 1224 3042 ριο
1238 2957 1324 3023 Pado

262 3064 404 3131 habuisse
427 3065 549 3132 videiur
572 3085 666 3150 seque
690 3069 783 3148 alque
806 3065 984 3145 Ammaous,
1008 3064 1061 3150 qui
1085 3066 1192 3132 verlil:
1220 3062 1326 3150 ‘higu-

262 3192 341 3252 rnm,
366 3173 473 3255 quiin
497 3172 600 3241 Gallie
623 3174 829 3257 transpadana
851 3168 931 3239 sunl'
943 3171 990 3259 ¹⁸).
1027 3174 1060 3240 st
1083 3192 1118 3240 er
1141 3173 1207 3240 loco
1231 3173 1320 3253 14,1

261 3280 420 3364 colligitur
442 3280 610 3347 Eridanum
633 3300 692 3348 non
719 3281 848 3360 Pedum,
873 3280 926 3346 sed
949 3280 1132 3346 Rhodanum
1157 3299 1232 3360 esse,
1256 3299 1326 3346 cum

261 3407 279 3450 a
294 3387 450 3454 Pausania
469 3399 507 3476 γη
524 3385 544 3475 ἡ
560 3387 693 3476 Κελτινη
713 3391 796 3454 terra
810 3388 866 3454 illa
881 3388 1082 3473 intellegatur
1096 3387 1178 3454 inter
1192 3388 1326 3472 Pyrrhe·

261 3513 353 3562 naeos
364 3499 494 3578 menies,
508 3496 613 3581 Alpes,
626 3496 778 3579 Rhenum,
792 3495 946 3564 Oceanum
958 3495 1083 3582 eila¹⁹);
1100 3495 1186 3561 euius
1201 3495 1325 3578 quidem

333 3691 364 3760 ¹⁷)
384 3690 424 3746 cf.
443 3709 470 3762 p.
487 3693 513 3758 8,
533 3690 596 3747 adn.
615 3691 656 3746 15.

331 3778 364 3845 18)
385 3781 456 3836 Haec
483 3781 571 3852 opinio
599 3779 669 3851 apud
697 3783 797 3836 veheres
824 3781 973 3852 frequenter
1000 3779 1152 3847 inveniann
1182 3779 1215 3836 cf.
1242 3780 1325 3852 Papii

260 3869 443 3939 Beneeleriqne
461 3869 644 3925 ‘Wdrterbuch
663 3869 689 3925 d.
707 3869 805 3940 griech.
824 3868 1024 3940 Eigennamcn’.
1039 3869 1050 3902 ⁸
1068 3887 1089 3924 s.
1109 3886 1132 3925 v.

332 3958 366 4027 ¹⁹)
385 3956 416 4010 Ol
428 3955 455 4010 δὲ
468 3955 584 4012 Γαλάται
597 3952 669 4012 οὗτοι
686 3959 806 4028 νέμονται
824 3965 883 4030 τῆς
896 3957 1055 4031 Εὐρώπης
1073 3961 1109 4011 τὰ
1123 3957 1255 4030 ἔσχατα,
1275 3957 1323 4010 ἐπὶ

259 4044 412 4118 θαλάσση
439 4045 542 4118 πολλῇ
569 4048 622 4100 παὶ
645 4047 674 4112 ἐς
701 4051 737 4101 τὰ
763 4048 882 4120 πέρατα
905 4047 940 4102 οὐ
965 4046 1110 4121 πλωίμῳ·
1137 4031 1275 4120 παρέχεται
1294 4045 1323 4099 δὲ
