3258 4724
297 679 312 743 Ι
338 681 424 758 11,2
452 673 572 743 Ἑλένου
600 679 641 754 δέ,
672 676 714 751 ὡς
745 677 894 758 ἐτελεῦτα,
926 679 1077 766 Μολοσσῷ
1110 691 1150 766 τῷ
1174 679 1293 766 Πῦρρου

229 785 413 869 παραδόντος
435 789 487 872 τὴν
510 783 606 873 ἀρχὴν
629 783 792 870 Κεστρῖνος
816 789 867 873 μὲν
890 789 940 853 σῦν
956 798 1016 861 τοῖς
1032 786 1184 853 ἐθέλουσιν
1200 787 1298 852 Ἠπει-

229 903 329 978 ρωτῦν
353 896 404 980 τὴν
427 889 514 977 ὑπὲρ
539 892 676 981 Θῦαμιν
700 897 866 980 ποταμὸν
889 900 991 983 χώραν
1007 893 1090 982 ἔσχε.
1115 898 1298 975 haeoterra,

231 1020 307 1084 quae
337 1000 477 1068 destrina
506 1002 683 1069 nominatur
718 1001 772 1089 (of.
801 1003 833 1068 ΙΙ
862 1007 915 1083 23,
939 1002 983 1090 6),
1014 1005 1118 1072 ultra
1146 1004 1300 1088 Thyamia

230 1107 345 1174 fiumen
368 1110 429 1186 est;
454 1125 526 1175 nam
551 1107 708 1176 Cestrinus
732 1127 767 1175 ex
791 1108 946 1188 Molossis,
971 1111 1023 1195 qui
1046 1111 1124 1176 eitra
1144 1108 1299 1196 Thyamia

230 1217 262 1282 in
286 1212 435 1284 orientem
458 1217 552 1283 solem
584 1218 742 1302 spectant,
773 1219 804 1282 in
835 1221 953 1286 terram
984 1219 1023 1284 ab
1052 1219 1110 1286 hoo
1140 1219 1233 1286 fluvio
1264 1219 1301 1284 ad

230 1324 304 1389 solis
317 1343 459 1390 ooeasum
471 1326 675 1410 pertinentem
686 1325 814 1410 migret.
830 1346 860 1394 s.
874 1327 1015 1393 Bursian.
1028 1326 1050 1390 l.
1063 1345 1091 1392 ο.
1104 1327 1119 1391 Ι
1132 1347 1163 1410 p.
1177 1328 1234 1403 243
1249 1327 1300 1391 18.

300 1441 329 1506 V
354 1442 421 1522 7,7
450 1437 687 1528 (Ὑπερβορέους)
715 1437 785 1505 εἶναι
815 1440 847 1504 δὲ
875 1439 1052 1527 ἀνθρώπους
1079 1439 1107 1506 οἳ
1133 1437 1217 1525 ὑπὲρ
1245 1444 1302 1506 τὸν

231 1545 361 1634 ἄνεμον
391 1543 504 1612 οἰκοῦσι
533 1551 590 1613 τὸν
618 1547 765 1634 Βορέαν.
801 1549 840 1616 cl.
870 1549 952 1614 Plin.
985 1569 1013 1614 n.
1042 1550 1073 1615 h.
1096 1549 1141 1615 IV
1166 1553 1207 1614 12
1230 1548 1303 1635 (26)

231 1653 320 1739 ‘pone
342 1674 393 1722 eos
409 1660 529 1723 montes
552 1656 607 1742 (so.
624 1657 768 1742 Ripaeos)
791 1657 958 1742 ultraque
979 1656 1204 1740 Aquilonem
1227 1675 1303 1739 gens

232 1762 305 1828 felix
320 1759 361 1848 (si
374 1761 550 1849 oredimus),
567 1779 643 1848 quos
654 1764 871 1848 Hyperboreos
884 1759 1100 1848 appellavere’;
1117 1763 1162 1829 Vl
1179 1765 1218 1829 13
1232 1761 1302 1849 (14)

232 1865 329 1936 ‘extra
341 1887 392 1935 eos
407 1869 463 1956 (se.
478 1869 620 1956 Scythas)
636 1871 799 1955 ultraque
816 1870 1003 1955 aquilonis
1019 1871 1130 1937 initia
1141 1870 1304 1955 Hyperbo-

239 1995 313 2053 reos¹
324 1975 421 2066 aliqui
440 1971 591 2063 posuere’;
616 1975 720 2061 Steph.
738 1979 814 2064 Byz.
836 1997 859 2043 s.
881 1997 911 2060 v,
928 1973 1127 2063 Ὑπερβόρεοιι
1144 1975 1306 2062 Δαμάστης
1331 2013 1334 2018 ·

234 2082 290 2170 (so.
315 2081 417 2171 φησίν)
449 2121 501 2158 -,
537 2081 596 2149 ἅνω
621 2080 647 2147 δ’
673 2079 865 2170 Ἀριμασπῶν
893 2088 930 2152 τὰ
958 2081 1077 2148 Ῥίπαια
1105 2083 1175 2171 ὅρη,
1206 2081 1236 2156 ἐξ
1264 2079 1304 2145 ὧν

235 2192 283 2253 τὸν
309 2189 414 2274 βορέαν
437 2198 523 2266 πνεῖν,
547 2190 633 2277 χιόνα
658 2191 690 2256 δὲ
706 2195 819 2277 μήποτε
842 2185 917 2255 αῦτδι
933 2187 1082 2255 ἐκλείπειν·
1105 2187 1188 2274 ὑπὲρ
1213 2190 1245 2252 δὲ
1265 2193 1306 2252 τὰ

238 2295 298 2385 ὄρη
327 2307 436 2362 ταῦτα
459 2293 671 2384 Ὑπερβορέους
695 2299 842 2386 καθήκειν
870 2295 912 2368 εἰς
939 2301 990 2384 τὴν
1013 2295 1112 2380 ἑτέραν
1135 2298 1305 2364 θάλασσαν.

301 2411 424 2491 Χ1,2
454 2407 532 2476 οῦτοι
563 2411 619 2497 (se.
645 2408 672 2474 οί
695 2409 906 2498 Ἐπικνημίδιοι
934 2409 1061 2496 Λοκροί)
1091 2415 1147 2496 γὰρ
1176 2412 1214 2499 δή
1237 2408 1307 2476 εἰσιν

236 2515 263 2586 οἱ
286 2519 377 2604 ταῦτ-ρ
400 2522 452 2608 τὴν
467 2517 595 2583 Φωκίδα
618 2515 849 2602 ὑπεροικοῦντες,
864 2517 1013 2608 Σκαρφεῖς
1037 2523 1089 2605 μὲν
1112 2523 1151 2583 τὰ
1174 2515 1306 2581 ἐπέκεινα

236 2626 398 2705 Ἐλατείας,
422 2625 507 2713 ὑπὲρ
524 2627 557 2691 δὲ
573 2623 764 2714 Ὑάμπολιν
780 2633 830 2693 καὶ
845 2625 958 2714 Ἄβας
974 2625 1001 2694 οἱ
1017 2629 1100 2692 πόλιν
1116 2650 1147 2690 τε
1163 2623 1307 2691 Ὀποῦντα

236 2739 287 2800 καὶ
308 2733 484 2803 Ὀπουντίων
511 2732 631 2801 ἐπίνειον
658 2741 809 2822 νεμόμενοι
837 2731 946 2801 Κῦνον.
975 2738 1012 2802 ut
1041 2736 1243 2818 Scarphenses
1271 2736 1308 2796 τὰ

237 2839 372 2908 ἐπέκεινα
397 2839 565 2919 Ἐλατείας,
594 2842 614 2908 i.
643 2861 670 2908 e.
697 2844 783 2908 trans
811 2843 953 2908 Elateam
981 2842 1123 2908 habitare
1151 2841 1307 2919 dicuntur,

237 2949 283 3016 ite
305 2949 343 3028 ei,
367 2948 420 3033 qui
443 2949 596 3036 Opuntem
621 2954 652 3016 et
676 2948 797 3036 Cynum
821 2951 981 3030 tenebant,
1014 2948 1133 3014 variata
1157 2947 1305 3014 orationis

236 3057 337 3126 forma
348 3053 419 3141 ὑπὲρ
431 3052 593 3144 Ὑάμπολιν
609 3058 661 3120 καί
672 3053 783 3142 Ἀβας.
800 3075 872 3124 nam
889 3055 1066 3134 Pausaniae,
1080 3043 1150 3122 oum
1163 3055 1308 3121 Phooidis

238 3185 256 3231 a
279 3163 406 3232 meridie
429 3167 461 3230 et
483 3183 502 3228 a
525 3163 783 3248 septentrionibus
806 3163 880 3230 fines
911 3163 1113 3241 determinat,
1144 3162 1246 3228 media
1275 3162 1307 3226 in

238 3275 322 3338 terra
344 3290 409 3338 sese
431 3273 565 3338 stantem
589 3271 679 3358 fingit
695 3272 751 3351 ita,
774 3275 811 3337 ut
826 3271 903 3351 vias,
926 3290 1003 3355 quae
1018 3270 1102 3336 ultra
1116 3268 1306 3355 Hyampolin

239 3379 393 3463 Abasque,
417 3378 528 3462 oppida
546 3379 761 3461 Phocensium,
784 3379 816 3444 in
832 3379 999 3444 Locrorum
1023 3378 1135 3462 oppida
1152 3376 1307 3461 Opuntem

240 3485 419 3572 Gynumque
435 3487 526 3570 atque
542 3484 627 3552 ultra
638 3485 783 3551 Elateam
797 3485 1126 3568 Scarpheamduennt,
1143 3486 1302 3567 tamquam

239 3593 336 3660 oeulis
358 3596 528 3678 percurrat.
552 3593 591 3659 ol.
616 3593 749 3661 similem
773 3593 908 3681 genetivi
936 3613 1026 3658 usum
1051 3593 1082 3658 ll
1106 3594 1174 3671 9,2
1203 3588 1304 3678 Δῦμην

240 3705 292 3788 τὴν
315 3697 399 3784 ὑπὲρ
422 3699 583 3783 Πατρῶν,
599 3699 647 3764 IX
663 3702 716 3778 22,
734 3701 753 3766 6
769 3697 864 3784 Νάξῳ
882 3709 918 3786 τῇ
934 3695 1023 3782 ὑπὲρ
1041 3694 1163 3782 Πάρου
1179 3701 1308 3783 κειμένῃ.

308 3818 368 3884 Hie
390 3813 461 3903 ῦτέρ
485 3817 656 3901 particulae
679 3835 750 3882 oum
774 3816 948 3882 accusativo
978 3815 1100 3882 iunctae
1130 3834 1219 3894 usus,
1251 3834 1310 3900 quo

242 3923 361 4008 aliquid
383 3928 469 3991 trans
492 3923 577 3990 aliud
600 3941 666 3992 esse
685 3921 887 4008 significatur,
913 3921 1008 3988 etiam
1024 3921 1105 4005 apud
1121 3921 1200 3988 alios
1216 3922 1311 4004 serip-

242 4034 323 4098 tores
347 4027 601 4114 deprehenditur:

1096 4170 1114 4222 4
