3258 4724
655 275 876 339 ...43-

232 470 438 556 Megomoque
449 473 531 549 sunt,
549 463 655 536 seinte
676 505 715 518 -
732 471 768 536 ut
782 469 815 534 id
831 469 939 538 statim
950 470 1009 536 hoo
1025 469 1091 538 loeo
1105 471 1300 554 expediemus

234 613 273 626 -
299 577 480 660 §Sverbis
502 574 592 664 ὑπὲρ
623 577 655 640 δὲ
678 581 738 664 τὴν
760 573 952 664 Ἐριφυλην
981 575 1106 664 ἔγραψεν
1129 573 1301 666 Ἐλπήνορά

232 687 337 747 τεκαὶ
360 679 506 747 Ὀδυσσέα
532 680 699 757 ὀκλάζοντα
725 681 772 748 ἐπὶ
799 692 859 754 τοῖς
891 687 974 748 ποσίν
1003 686 1075 751 cett.
1106 684 1145 749 ad
1174 685 1299 768 figuras,

164 826 167 834 ·
231 809 311 874 ques
332 807 424 872 supra
438 789 654 858 antecedentes
668 791 786 874 positae
809 794 897 868 τοοκ
921 810 992 856 nem
1015 789 1178 876 §9verbe
1200 812 1299 856 κατω-

231 903 307 983 τέρω
337 899 371 962 δὲ
396 905 447 963 του
470 895 639 972 Ὀδυσσέως
667 898 766 964 denuo
795 899 827 964 in
857 899 1014 966 infem'ores
1044 900 1169 966 tabulae
1199 904 1301 983 portes

231 1005 357 1072 duount.
378 1006 420 1074 ef.
445 1005 543 1072 Geth.
567 1005 591 1070 1.
614 1025 640 1073 ο.
664 1025 694 1088 p.
713 1008 753 1071 27
772 1025 817 1088 sq.

298 1111 329 1179 X
343 1113 397 1191 30,
414 1115 434 1178 9
450 1109 534 1195 ὑπὲρ
551 1115 674 1177 τουτου
691 1111 919 1200 (Thamyridis)
934 1109 1009 1176 ἐστὶν
1025 1109 1071 1176 eo
1085 1117 1193 1199 πέτροις
1204 1117 1301 1178 καθε-

230 1226 353 1307 ζόμενος
364 1219 518 1306 Μαρσδοις,
530 1222 582 1283 καὶ
589 1217 748 1305 Ὄλυμπος
760 1216 827 1306 παρ’
840 1217 927 1284 αὐτὸν
938 1219 1043 1292 παιδός
1054 1217 1128 1285 ἐστιν
1142 1218 1299 1306 ὡραίου-

230 1340 337 1416 οχηγια
352 1329 440 1414 ἔχων.
456 1347 549 1412 supro
565 1326 640 1414 (non
654 1327 755 1416 ultre)
771 1328 991 1413 Thamyridom
1012 1329 1168 1396 sedentem
1192 1329 1298 1394 sedent

229 1438 362 1518 iemps
384 1433 526 1520 Marsyas
549 1439 581 1501 et
603 1435 770 1521 Olympum
795 1455 868 1502 nom
892 1436 1112 1522 Thamyridem
1135 1437 1166 1501 in
1190 1437 1298 1502 infime

230 1537 403 1630 figurarum
436 1543 513 1609 serie
545 1543 657 1626 exeipit
688 1535 869 1628 Hector⁶⁸);
903 1543 1030 1624 secedit,
1061 1544 1142 1627 quod
1166 1544 1300 1626 scriptor

230 1651 333 1718 verbis
349 1649 374 1714 εὶ
390 1651 423 1714 δὲ
438 1647 555 1722 ἀπίδοις
570 1652 657 1715 πάλιν
680 1647 716 1722 ἐς
739 1653 775 1714 ιδ
800 1649 869 1714 ἄνω
892 1661 945 1738 τῆς
960 1662 1088 1738 γραφῆς,
1103 1650 1177 1716 ἔστιν
1193 1648 1300 1739 ἐφεξῆς

229 1771 269 1844 τῷ
293 1755 451 1822 Ἀκταίωνι
473 1755 552 1830 Αἴας
582 1759 655 1824 oott.
684 1757 728 1844 (X
745 1761 798 1836 31,
817 1747 850 1842 1)
881 1759 995 1824 iterum
1023 1760 1103 1824 inter
1131 1759 1300 1842 superiores

229 1867 346 1951 figures
368 1867 471 1934 oeulos
494 1866 681 1933 oireumfert.
706 1867 745 1933 of.
771 1865 869 1932 Gebh.
894 1867 916 1931 l.
940 1887 967 1934 ο.
987 1887 1021 1950 p.
1040 1870 1092 1934 29.

296 1975 326 2040 V
344 1977 395 2057 19,
411 1976 432 2040 4
448 1973 655 2061 ἐπιγράμματα
672 1975 704 2038 δὲ
720 1969 775 2057 (se.
792 1972 880 2060 ἐστίν)
903 1971 990 2059 ὑπὲρ
1014 1973 1075 2060 (ἐπί
1090 1975 1155 2062 Vb)
1172 1979 1224 2062 μὲν
1240 1985 1299 2040 τοο

228 2082 434 2172 Ἰφιδάμαντος
449 2091 589 2167 νεκροῦ,
607 2119 649 2130 «-
666 2091 716 2145 τοῦ
732 2078 955 2174 Ἀγαμέμνονος
972 2083 1004 2145 δὲ
1016 2082 1062 2146 ἐπὶ
1076 2094 1113 2168 op
1130 2081 1228 2146 ἀσπίδι
1247 2121 1296 2146 -.

296 2191 344 2255 IX
359 2192 412 2270 37,
427 2186 569 2276 δῗστηοιν
581 2187 630 2255 οὖν
648 2185 732 2272 ὑπὲρ
749 2199 813 2254 τῶν
829 2187 989 2270 ἀγγείων,
1002 2188 1033 2253 ἐν
1048 2187 1092 2260 οἷς
1104 2188 1120 2253 ὅ
1131 2213 1162 2253 τε
1173 2188 1300 2275 ἄργυρος

235 2297 295 2385 ἐνῆν
318 2301 368 2361 καὶ
389 2293 405 2360 ὁ
420 2301 531 2384 χρυσός
547 2293 583 2373 οἱ,
608 2301 705 2376 πάγας
727 2294 747 2381 ἤ
764 2317 789 2359 τι
804 2299 855 2359 καὶ
871 2294 957 2362 ἄλλο.
982 2297 1021 2360 ef.
1039 2295 1132 2363 Hom.
1149 2297 1206 2363 od.
1223 2297 1299 2362 xlv

234 2407 292 2472 303
309 2425 355 2487 sel.
380 2404 418 2491 δὴ
440 2408 505 2468 τότε
528 2407 654 2490 κυανέην
677 2403 801 2490 νεφέλην
824 2400 930 2489 ἔστησε
946 2400 1079 2487 Κρονίων
1103 2406 1189 2490 νηὸς
1211 2399 1298 2487 ὅπερ

231 2513 422 2600 stesso<-

297 2619 327 2684 Χ
351 2621 440 2697 29‚8
468 2618 656 2704 ἔγραψεν-
682 2613 829 2680 Ὀδυσσέα
857 2613 1021 2690 ὀκλάζοντα
1048 2613 1095 2680 es
1122 2627 1182 2689 τοῖς
1204 2622 1296 2694 ποσίν,

228 2725 338 2813 ἔχοντα
359 2723 451 2809 ὑπὲρ
475 2733 538 2788 του
561 2727 707 2808 βόθρου
730 2727 762 2790 τὸ
787 2725 876 2812 ξίφος.
1222 2715 1244 2752 ³

296 2833 330 2899 X
350 2835 403 2910 37,
423 2836 439 2896 1
463 2831 628 2918 (Artemis)
653 2831 731 2916 δᾷδα
754 2831 866 2918 ἔχουσα
889 2841 924 2916 τγ)
949 2831 1028 2923 δεξιοζι
1044 2835 1094 2894 καὶ
1116 2829 1208 2919 ὑπὲρ
1230 2843 1298 2895 τῶν

228 2939 337 3027 ὤμων
354 2944 510 3029 φαρέτραν.
546 2940 693 3023 pharetra
707 2939 797 3022 super
813 2936 956 3003 humeros
972 2938 1094 3004 eminet.
1129 2939 1167 3004 of.
1184 2939 1219 3005 F.
1232 2938 1298 3004 Im-

227 3047 447 3113 hoof-Blumer
478 3049 510 3112 ot
538 3047 573 3112 P.
597 3045 736 3112 Gerdner
764 3043 987 3112 ‘Numismatie
1016 3049 1228 3132 commentery
1260 3066 1297 3112 on

232 3151 348 3234 Paus',
372 3153 482 3220 Journ.
499 3153 533 3219 ot
552 3154 627 3219 hell.
643 3153 726 3219 stud.
743 3152 822 3218 VIll
846 3152 961 3240 (1887)
986 3173 1015 3236 p.
1034 3155 1087 3234 20,
1103 3156 1135 3223 2.

297 3263 329 3327 ΙΙ
352 3264 439 3340 27,2
462 3261 596 3348 κάθηται
620 3261 652 3325 δὲ
675 3259 904 3347 (Aesculapius)
934 3257 980 3324 ἐπὶ
1002 3257 1113 3346 θρόνου
1137 3263 1297 3346 βακτηρίαν

228 3381 356 3453 κρατῶν,
379 3373 430 3456 τὴν
454 3369 487 3432 δὲ
510 3365 610 3456 ἑτέραν
633 3378 687 3433 τῶν
710 3379 817 3454 χειρῶν
841 3365 908 3432 ι’·ιπὲ
916 3391 932 3453 ρ
956 3365 1016 3451 (ἐπί
1039 3367 1097 3454 La)
1124 3368 1298 3455 κεφαλῆς

228 3477 356 3565 ἔχειτοῦ
373 3475 543 3561 δράκοντος.
567 3475 605 3543 of.
622 3475 650 3541 Ι.
667 3477 847 3542 Overbeekii
862 3473 984 3542 ‘Gesom
998 3476 1027 3541 d.
1042 3474 1157 3560 grieoh.
1169 3473 1298 3540 ΡΙουλῖ3

230 3585 245 3651 Ι
259 3605 291 3668 p.
301 3583 378 3667 280,
393 3581 664 3651 Imhoof-Blumer
679 3586 711 3650 ot
728 3583 868 3651 Gardner
883 3582 905 3650 l.
919 3603 944 3650 ο.
958 3581 1004 3648 VI
1021 3581 1136 3669 (1885)
1152 3602 1182 3664 p.
1197 3585 1250 3662 92,
1264 3585 1296 3660 23

230 3693 309 3758 vm
332 3690 448 3778 (1887)
471 3712 500 3775 p.
518 3693 572 3770 οι,
590 3694 639 3768 2.·

232 3846 445 3856 ...----.--

300 3931 336 4000 ⁹⁸)
355 3931 466 3998 x31,5
490 3929 521 4010 'es
540 3928 567 3982 δὲ
591 3885 663 4006 τοῖςΙ
684 3929 770 3984 κάτω
798 3937 846 4002 τῆς
870 3935 976 4002 γραφῆς
1002 3931 1080 4000 μετὰ
1107 3929 1160 3982 τὸν
1185 3927 1296 4001 Θρᾷκά

232 4019 278 4074 εἰσι
296 4020 440 4092 Θάμυριν
458 4018 564 4092 Ἕκτωρ
584 4021 631 4092 μὲν
649 4018 825 4093 καθεζόμενος
844 4023 908 4076 cett.
