3258 4724
773 299 993 360 -46-

351 494 436 569 sunt,
467 510 537 556 vera
560 493 663 556 autem
687 490 778 556 lectio
801 493 878 554 κατὰ
901 493 933 554 τὸ
957 488 1025 576 ὄρος
1052 491 1084 556 in
1107 493 1249 576 margine
1271 493 1421 560 adnotata

351 600 398 664 est
421 618 455 664 ex
478 597 539 664 alio
562 616 656 681 eoque
683 589 809 663 meliore
838 595 939 662 codice
969 599 1057 664 nobis
1087 617 1146 666 non
1177 602 1314 676 servatc3
1345 619 1419 666 nam

351 706 534 788 archetypus
549 707 724 771 nostrorum
742 703 882 770 codicum
898 703 1047 771 uarietate
1066 705 1234 774 lectionum
1249 707 1419 773 instructus

350 815 418 877 erat
428 811 494 898 111).
518 812 579 876 iam
603 831 674 876 vero
698 811 749 894 qui
772 811 901 889 nouerit,
926 831 987 895 qua
1005 811 1169 878 rationein
1186 831 1246 878 uno
1262 813 1318 879 illo
1335 814 1419 880 fonte

350 918 514 986 derivando
538 918 654 984 scribae
677 920 723 984 usi
747 917 890 1004 sint¹⁰⁴),
921 917 1088 986 lectionum
1117 919 1206 985 nobis
1230 921 1418 986 traditarum

350 1046 455 1094 causas
482 1026 660 1110 perspiciet:
689 1025 807 1093 codices
834 1025 870 1090 M
893 1026 940 1092 Va
963 1026 1026 1092 Pod
1048 1025 1100 1110 Ag
1123 1027 1188 1093 Lab
1216 1028 1317 1093 solum
1344 1047 1418 1093 oon-

350 1137 469 1202 textum
485 1133 655 1200 communis
670 1131 852 1216 exemplaris
866 1135 918 1197 καὶ
933 1129 1006 1216 ὑπὲρ
1027 1135 1179 1214 praebent,
1203 1137 1310 1201 contra
1325 1135 1418 1201 codex

350 1243 398 1309 Vb
424 1246 455 1310 et
470 1242 583 1308 Aldine
605 1244 655 1306 aot
677 1244 758 1306 ιιατά
780 1239 933 1319 exhibent,
957 1259 1087 1324 quorum
1111 1241 1256 1306 nimirum
1280 1245 1418 1308 auctores

349 1355 427 1415 κατά
449 1349 632 1435 particulam
649 1349 850 1432 interpolatae
868 1347 994 1416 lectioni
1010 1350 1061 1412 aut
1076 1344 1147 1433 ὑπὲρ
1171 1349 1417 1416 substituendam

349 1478 413 1524 esse
429 1478 489 1525 non
504 1456 711 1523 intellexerint
721 1455 788 1542 111),
813 1457 919 1524 auctor
940 1454 1069 1538 denique
1084 1455 1197 1522 codicis
1211 1455 1417 1537 Ricoardiaui,

349 1565 457 1632 ceteris
479 1565 506 1630 is
529 1564 661 1648 quidem,
685 1565 721 1628 ut
744 1558 852 1627 multis
876 1561 945 1625 aliis
966 1561 1053 1640 locis,
1077 1562 1123 1626 ita
1138 1562 1188 1628 hic
1204 1581 1325 1651 quoque
1342 1563 1415 1630 dili·

239 1737 241 1744 ,
349 1671 486 1757 gentior,
517 1674 549 1736 et
578 1673 628 1733 καὶ
652 1667 722 1753 ὑπὲρ
753 1667 784 1733 in
814 1669 901 1733 textu
930 1663 1090 1734 inventum
1121 1671 1152 1734 et
1180 1675 1259 1734 ιιατά
1281 1671 1418 1756 margini

349 1779 539 1862 adscriptum
569 1777 611 1842 sic
641 1775 672 1841 in
705 1775 862 1860 exemplar
894 1793 982 1842 suum
1014 1774 1194 1856 transtulit,
1227 1777 1264 1842 ut
1295 1777 1354 1843 hoc
1383 1777 1417 1843 in

349 1887 500 1971 margine,
531 1883 610 1950 illud
633 1880 665 1949 in
688 1887 775 1950 textu
798 1887 935 1967 poneret.
967 1883 1118 1952 elementa
1147 1883 1246 1970 igitur
1274 1882 1313 1950 ad
1334 1885 1417 1950 Pau-

349 1995 451 2059 saniae
490 1993 661 2059 orationem
700 1990 923 2058 restituendam
962 1993 1084 2075 praeter
1121 1989 1267 2058 Aldinam
1306 2009 1416 2078 margo

349 2087 542 2166 Riccardiani
555 2101 585 2164 et
602 2096 694 2164 codex
709 2097 758 2163 Vb
776 2097 907 2163 offerunt
923 2097 1029 2166 eodem
1045 2099 1146 2178 modo,
1164 2117 1223 2181 quo
1239 2089 1300 2164 Vll
1316 2103 1369 2178 23,
1385 2102 1415 2178 8,

349 2208 401 2272 ubi
424 2206 456 2271 hi
473 2205 594 2290 quidem
618 2209 700 2272 recte
715 2202 785 2269 εἶναι
802 2205 954 2287 exhibent,
979 2225 1049 2272 oum
1066 2201 1100 2271 M
1116 2205 1163 2272 Va
1177 2205 1221 2271 Pe
1237 2203 1288 2290 Ag
1304 2203 1369 2272 Lab
1387 2207 1417 2272 R

348 2311 384 2399 ἠν
413 2310 647 2400 praesetnem).
681 2315 773 2400 atque
808 2313 968 2380 confirmat
1002 2315 1053 2382 bio
1088 2333 1180 2400 quem
1213 2314 1417 2381 tractavimus

348 2419 433 2485 locus
455 2420 502 2500 id,
531 2419 696 2504 quodiam
720 2419 909 2488 Scbubartus
933 2423 964 2486 et
987 2417 1187 2506 Walaius¹⁰⁷)
1219 2421 1416 2500 monuerunt,

349 2527 482 2593 codicem
509 2527 555 2593 Vb
579 2530 610 2593 et
633 2527 799 2594 editionem
823 2527 985 2606 Aldinam,
1009 2545 1194 2611 quamquam
1216 2528 1416 2610 interpolata,

348 2637 453 2700 tamen
470 2653 698 2719 nonnumquam
716 2633 880 2719 genuinam
896 2632 1059 2700 lectionem
1083 2637 1137 2700 aut
1159 2635 1242 2702 certe
1265 2635 1416 2719 genuinae

349 2741 481 2826 uestigia
504 2759 650 2809 seruasse.
682 2743 853 2810 Amasaeus
881 2746 1003 2820 autem,
1034 2742 1086 2826 qui
1116 2740 1210 2808 vertit
1232 2738 1355 2808 ‘tremes
1378 2743 1416 2822 is,

350 2849 402 2932 qui
425 2850 463 2914 ab
480 2845 586 2932 Hysils
609 2849 722 2914 iuxta
744 2847 944 2915 Parthenium
968 2852 1105 2916 montem
1128 2846 1159 2914 ln
1176 2856 1284 2934 a'grum
1301 2849 1416 2934 Tegea·

352 2956 449 3021 ticum
472 2951 630 3039 pervadit’,
654 2959 709 3021 aut
731 2955 889 3042 integrum
904 2955 1006 3022 locum
1029 2957 1099 3023 ante
1116 2956 1219 3023 oculos
1236 2952 1346 3021 habult
1362 2957 1417 3022 aut

348 3069 398 3130 καὶ
427 3069 505 3129 κατά
535 3063 630 3149 legit;
661 3067 718 3131 hoo
748 3085 819 3132 vero
848 3065 873 3130 si
903 3065 998 3150 legit,
1029 3070 1080 3129 aul
1107 3068 1145 3131 ut
1174 3063 1213 3131 ad
1244 3064 1415 3130 versionem

349 3173 493 3239 Latinam
517 3191 576 3238 non
600 3176 708 3258 aptum
732 3174 954 3256 praetermisit.
978 3177 1114 3240 ceterum
1138 3167 1242 3239 ‘iuxta’
1264 3168 1417 3256 particula

348 3286 425 3345 κατά
441 3298 499 3347 non
515 3280 607 3358 valet,
623 3280 674 3346 sed
691 3277 775 3346 ‘iiber
792 3319 834 3328 -
850 3277 965 3364 hinab’,
981 3276 1067 3346 uelut
1084 3279 1130 3345 lX
1150 3281 1199 3358 13,
1218 3279 1235 3344 7
1253 3281 1304 3366 τὴν
1325 3278 1416 3342 κατὰ

349 3391 396 3452 τὸν
412 3385 589 3470 Κιθαιρῶνα
609 3385 641 3450 to
624 3390 785 3475 olioltn'uc
755 3385 808 3473 (cf.
826 3387 903 3454 Xan.
920 3387 1003 3456 Heli.
1021 3382 1096 3466 V4,
1113 3389 1156 3454 47
1179 3396 1234 3472 τῆς
1256 3390 1350 3449 κατὰ
1368 3387 1416 3449 τὸν

349 3495 523 3581 Κιθαιρῶνα
551 3491 859 3581 toon);1v11116,1
893 3493 983 3559 ἐκδὲ
1005 3492 1117 3560 Φενεοῦ
1141 3495 1214 3576 πρὸς
1243 3487 1326 3578 ἧλον
1347 3490 1417 3556 adum

353 3623 557 3634 .-.-·--.----

421 3691 526 3760 111101.
545 3693 605 3747 l.o
623 3693 680 3761 lp
694 3691 819 3745 XXXIV

421 3781 455 3814 104

420 3785 468 3941 ¹⁰⁶}
485 3781 527 3926 gre
535 3783 668 3927 slimcilibm
680 3869 753 3924 vitiis
763 3887 788 3927 s.
801 3870 820 3924 l.
832 3886 853 3928 o.
865 3869 878 3924 1
891 3885 916 3939 p.
925 3867 1027 3926 XLVII
1037 3867 1071 3923 ad
1081 3867 1120 3923 1v
1131 3867 1210 3934 aun,
1221 3865 1260 3922 Vl
1271 3867 1314 3931 l'l,
1324 3867 1342 3920 9
1352 3867 1415 3922 cett.

420 3961 465 4033 111)
485 3962 526 4018 Cf.
539 3963 556 4018 l.
570 3981 591 4018 c.
611 3961 639 4016 Il
658 3978 682 4031 p.
697 3959 749 4014 624
768 3963 822 4014 not.
842 3959 876 4012 47
897 3963 924 4014 et
943 3958 1023 4028 praef.
1043 3956 1058 4011 I
1076 3975 1101 4029 p.
1115 3957 1232 4012 XXXV..

422 4051 468 4122 ¹⁰²)
487 4053 517 4124 h.
531 4069 552 4107 c.
566 4051 647 4123 praef.
660 4052 675 4107 1
695 4068 720 4120 p.
734 4049 849 4106 XXXII.
