3258 4724
769 297 989 358 ..58-

377 524 379 534 r
413 465 442 532 X
464 466 548 542 25‚5
566 465 698 550 κάθηται
715 463 746 528 δέ
762 459 846 546 ὑπὲρ
862 467 921 550 την
937 459 1086 552 Ἑλένην
1108 500 1141 508 -
1163 460 1414 550 ἀνῄρηΗοΙοιωιο)

348 610 401 638 -.
423 573 547 658 πλησίον
571 571 603 634 δὲ
626 579 675 634 τοῦ
699 566 818 636 Ἑλένου
841 569 946 655 Μέηης
969 567 1029 634 tort
1054 607 1105 634 —.
1129 573 1291 654 γέγραπται
1314 571 1414 637 δὲκαὶ

347 675 534 766 Λωτομηδης
545 681 626 764 παρὰ
642 680 689 757 τὸν
706 675 828 764 Μέγητα
846 715 898 745 -.
919 684 1056 760 τέτρωται
1073 675 1105 772 δέ
1120 679 1176 770 καὶ,
1188 673 1343 772 Εάρδολος
1360 716 1413 743 -.

346 783 424 849 οὗτοι
447 789 498 870 μέν
523 785 559 871 δὴ
583 782 718 868 ἀνωτέρω
741 794 796 871 της
818 781 941 874 Ἑλένης
964 781 1032 850 εἰσὶν
1055 782 1085 852 ἐν
1108 794 1144 871 τῇ
1167 794 1291 873 γραφη,
1305 782 1415 876 ἐφεξῆς

348 893 380 958 δὲ
402 903 439 978 τη
456 889 562 978 Ἑλένη
586 892 704 964 Aethra
722 894 754 958 ot
772 892 952 976 Demophon
974 895 1055 961 sunt,
1077 889 1154 965 haee
1176 892 1278 982 varta.
1293 911 1413 982 omnem

347 999 572 1074 dubitationem
595 999 724 1088 tollunt,
756 1019 833 1082 quae
856 996 926 1092 ὒτέρ
950 996 1188 1085 praepositionis
1216 998 1267 1066 hio
1291 999 1333 1067 sit
1356 999 1412 1066 ris.

348 1107 492 1184 Helenus,
517 1105 633 1190 Meges,
659 1105 854 1190 Lycomedes,
880 1107 1033 1190 Euryalus
1050 1107 1128 1185 ,sunt
1141 1124 1236 1198 supra
1254 1105 1413 1196 Helenam,

347 1216 368 1282 i.
394 1234 419 1283 e.
443 1213 580 1298 Helenae
602 1213 804 1301 symplegma,
828 1213 918 1299 pioti;
942 1233 1110 1283 namnum
1130 1210 1200 1306 ὑπὲρ
1224 1217 1276 1302 τἠν
1292 1209 1414 1300 Ἑλένην

346 1318 502 1408 repetatur
540 1321 693 1389 venabulis
723 1319 857 1406 ἀνωτέρω
891 1330 944 1410 της
973 1317 1112 1410 Ἑλένης,
1142 1321 1222 1391 iuter
1253 1325 1415 1407 utramque

346 1430 532 1500 locutionem
548 1429 626 1498 nihil
641 1430 746 1512 potest
761 1427 945 1496 discriminis
962 1447 1039 1512 esse.
1055 1428 1138 1500 notio
1150 1430 1257 1520 autom
1271 1424 1415 1515 ς11111111113

347 1538 537 1624 ο1οΙωεηρω
559 1539 730 1620 propterea,
756 1534 828 1618 quia
851 1535 882 1602 in
907 1534 1014 1604 eadem
1036 1535 1129 1616 linea,
1154 1535 1187 1602 in
1210 1553 1271 1618 quo
1286 1535 1414 1612 Helena,

347 1645 400 1730 (ab
424 1645 522 1713 altera
545 1642 681 1715 Helenae
708 1643 809 1728 parte)
841 1641 959 1710 Aethra
987 1644 1018 1708 et
1042 1642 1224 1729 Demophon
1239 1644 1345 1734 stant.
1375 1643 1414 1724 of,

348 1751 446 1820 deth.
471 1753 493 1816 1.
518 1771 544 1817 o.
569 1771 598 1836 p.
617 1737 697 1834 9'sq.
769 1833 772 1840 1
1105 1781 1109 1790 ’
1322 1833 1324 1840 Ι

414 1857 590 1937 Pausanias,
607 1861 770 1941 postquam
786 1856 947 1935 Laodicea,
962 1856 1053 1936 labri,
1064 1857 1223 1939 Medusae,
1239 1877 1326 1948 anus,
1339 1877 1415 1946 qnae

348 1967 466 2052 figurae
489 1967 520 2031 in
539 1965 650 2036 infimo
674 1965 800 2032 tabulae
823 1963 928 2030 ordine
945 1966 1042 2042 eraut,
1059 1964 1254 2050 ,mensuram
1271 1965 1355 2056 feeit,
1373 1965 1415 2029 sio

350 2073 451 2158 pergit
474 2074 504 2138 X
527 2076 580 2151 27,
599 2075 632 2138 l:
656 2074 751 2158 νεκροὶ
775 2071 816 2148 δέ,
841 2068 925 2158 ὁμέν
942 2074 1053 2156 γυμνὸς
1068 2069 1166 2158 Πηλις
1188 2069 1283 2158 ὄνομα
1306 2069 1353 2138 ἐπὶ
1368 2074 1414 2138 τὸν

348 2184 436 2244 νῶτόν
459 2177 533 2250 ἐστιν
556 2175 737 2268 ἐρριμμένος,
765 2174 821 2271 oud
850 2179 882 2241 δὲ
909 2181 958 2242 τὀν
985 2177 1080 2265 Πηλιν
1106 2175 1236 2253 Ἠϊονεὺς
1265 2201 1296 2244 τε
1323 2187 1416 2244 κοῖται

348 2290 399 2349 καὶ
418 2284 577 2372 Ἄδμητος
603 2324 653 2349 --.
687 2267 773 2350 ἄλλοι
803 2286 835 2348 δέ
865 2284 1000 2370 ἀνωτέρω
1031 2288 1147 2359 τοδτων,
1179 2281 1264 2368 ὑπὲρ
1297 2288 1352 2378 μέν
1379 2287 1415 2351 τὸ

349 2396 537 2480 λουτήριον
569 2392 741 2478 Λεώκριτός
769 2391 846 2459 ἐστιν
875 2431 932 2468 -,
963 2389 1047 2480 ὑπὲρ
1079 2393 1112 2456 δέ
1135 2391 1277 2461 Ἠϊονέα
1306 2415 1336 2455 τε
1366 2395 1417 2454 καὶ

346 2497 530 2588 Ἄδμητον
553 2499 709 2586 Κόροιβος.
739 2505 804 2566 iure
828 2500 912 2578 SW„
936 2499 1018 2578 soh„
1042 2500 1096 2564 alii
1119 2496 1189 2582 ὑπὲρ
1214 2502 1266 2584 μὲν
1289 2502 1322 2562 τὸ
1345 2500 1416 2564 λοο-

349 2613 445 2694 τηριον
469 2611 662 2692 receperunt;
695 2608 831 2690 primum
863 2607 943 2675 enim
969 2607 1043 2675 haee
1066 2606 1157 2673 lertio
1181 2606 1213 2672 in
1236 2607 1417 2682 melioribus

350 2715 504 2782 oodioibus
527 2716 571 2780 Po
595 2716 645 2800 Ag
668 2714 702 2781 M
725 2715 771 2780 Lb
796 2712 978 2800 exstruo),
1011 2714 1119 2783 deinde
1149 2713 1316 2808 generalis
1331 2713 1416 2790 notio

351 2821 439 2888 ἄλλοι
462 2819 651 2908 tetranepos
675 2823 792 2898 notros,
824 2840 886 2904 qua
908 2825 1066 2906 sequentes
1089 2821 1206 2906 figuras
1228 2821 1417 2906 superiorem

349 2930 453 3013 ionum
476 2933 578 2996 tenere
602 2950 693 3014 quam
712 2929 922 2996 antecedentes
937 2929 1099 3014 (Pelidem
1117 2929 1277 3012 Eioneum,
1300 2929 1417 2996 Adme-

350 3037 430 3122 tum)
454 3035 662 3122 significatur,
693 3055 752 3102 non
781 3032 891 3128 indat
915 3037 966 3121 μὲν
990 3039 1021 3099 τὸ
1044 3037 1198 3124 λοοτηριον
1225 3073 1262 3082 -
1289 3033 1360 3120 ὑπὲρ
1385 3035 1417 3100 δὲ

350 3140 467 3208 Ἠϊονέα
491 3165 521 3208 τε
544 3145 595 3206 καὶ
614 3141 771 3230 Ἄδμητον
795 3143 919 3211 dissolvi
942 3147 1059 3226 potest,
1092 3164 1161 3212 oum
1186 3147 1217 3210 er
1240 3145 1362 3211 labrum
1386 3149 1416 3215 ei

351 3250 434 3316 Polis
458 3251 489 3314 in
513 3249 618 3316 infima
641 3251 764 3318 tabulae
787 3251 867 3319 linea
890 3251 972 3334 pieta
992 3251 1116 3330 fuerint,
1141 3250 1247 3316 sedin
1270 3247 1341 3336 ὑπὲρ
1365 3255 1416 3338 μὲν

352 3353 477 3442 -11πὲρ
491 3357 532 3420 δέ.
549 3357 808 3440 praepositionem
820 3361 924 3424 autom
937 3359 1015 3424 hano
1028 3377 1096 3422 cum
1110 3377 1209 3427 aeuus.
1223 3359 1414 3428 coniunctam

353 3484 371 3530 a
387 3462 540 3532 Pausania
556 3464 663 3530 eadem
679 3465 709 3528 vi
725 3465 876 3548 usurpari,
893 3485 952 3548 qna
968 3462 1112 3547 ἀνωτέρω,
1136 3461 1311 3553 exemplum
1330 3469 1417 3532 anto·

351 3571 460 3641 oedeus
483 3574 513 3640 X
538 3576 590 3650 25,
609 3577 628 3638 5
653 3571 742 3640 dooet
757 3572 976 3654 confirmatque
992 3571 1181 3641 describendi
1197 3572 1278 3641 ratio
1298 3573 1339 3662 ab
1353 3575 1415 3650 imo

352 3679 391 3746 ad
413 3699 567 3746 summum
591 3678 756 3761 procedens
780 3679 813 3764 (ᾗ
834 3682 849 3744 1
868 3678 1003 3764 ἀνωτέρω
1024 3680 1141 3756 radron,
1166 3683 1183 3762 δ
1204 3683 1224 3748 2
1247 3676 1345 3746 tuero
1367 3688 1416 3744 τοῦ

355 3783 527 3873 Κοροίβοο).
552 3787 590 3851 oi.
608 3771 706 3853 aoth.
723 3786 746 3850 l.
764 3786 785 3849 1.
809 3806 840 3868 p.
859 3767 915 3852 15.'
935 3789 1069 3852 ceterum
1086 3787 1165 3869 quod
1182 3788 1230 3854 hio
1248 3787 1292 3850 vir
1311 3787 1418 3854 doetus

355 3942 566 3952 ——.-

425 4036 684 4106 mmmm
